2475 3854
673 286 1657 333 AcPACIS,1.18.111.
1872 285 1948 341 4²33¹

277 365 345 410 to,
362 352 571 402 donariis.
590 350 758 404 Acilius
769 368 901 418 capta
917 352 1073 402 Lamia
1086 355 1249 419 partim
1264 353 1594 418 divifit‚partim
1611 351 1817 402 vendidit
1832 368 1944 417 prae-
1963 358 2058 413 App.
2073 359 2159 412 Pim-

277 417 407 466 dam.
419 410 505 463 Cn.
523 414 727 464 Manlius
739 416 867 464 viestis
883 417 1176 482 Gallograecis
1192 455 1204 474 ‚
1242 417 1537 465 concrematis
1565 433 1623 477 ex
1646 414 1858 462 Romana
1873 415 1939 462 su-
1959 405 2076 484 th-wus
2090 404 2168 438 “br“

337 477 542 525 rstitione
558 477 757 525 hostium
772 479 908 526 armis
927 517 938 535 ,
954 495 1158 526 caeteram
1175 479 1372 541 praedam
1385 478 1597 526 conferre
1625 492 1783 531 omnes
1800 476 1937 537 jussit,
1960 463 2053 532 12³2}
2063 462 2146 533 ᾖ),

274 495 419 589 gant
428 538 648 597 vendidit,
663 539 789 602 quod
806 541 902 600 ejus
917 542 961 587 in
972 540 1197 604 publicum
1215 540 1509 604 redigendum
1526 549 1636 595 erat,
1649 554 1725 587 aut
1743 556 1847 586 cum
1862 555 1944 586 cu-
1963 554 2082 582 xxxvi
2093 555 2138 582 u-

275 618 344 661 ra,
361 617 413 649 ut
462 613 567 651 uani
585 602 826 664 aequiffiina
838 603 960 659 effer,
985 605 1031 649 in
1054 604 1219 650 milites
1236 603 1400 650 divisit.

340 663 394 712 X
469 664 507 711 Ι.
541 663 612 710 Ex
625 664 692 710 his
708 680 802 726 quae
819 665 1016 712 diximus
1033 680 1216 728 apparet
1233 703 1245 721 ,
1273 681 1364 711 non
1390 666 1533 712 minus
1561 680 1586 711 a
1619 662 1678 710 ud
1701 660 1940 709 Romanos

275 742 454 790 quama
486 724 548 773 ud
566 725 674 773 alias
691 740 851 792 gentes
863 727 1094 790 plerasque
1110 726 1305 791 praedarn
1323 726 1449 774 fuisse
1464 679 1619 789 popuii
1637 725 1846 779 Romani,
1861 722 1939 769 sed

277 791 376 850 ejus
392 789 439 836 di
460 786 686 853 pensandae
704 787 945 837 arbitrium
984 789 1169 852 aliquod
1189 789 1540 852 imperatoribus
1572 786 1823 834 concessum
1844 823 1855 841 ‚
1874 787 1939 832 ita

277 865 430 900 tamen
446 864 496 898 ut
514 849 642 912 quod
659 864 763 898 ante
779 851 978 899 diximus
998 890 1010 908 ,
1045 855 1271 899 rationem
1285 850 1406 899 aestus
1427 851 1492 898 sui
1514 851 1685 913 populo
1702 847 1940 897 deberent.

251 918 254 921 ’
275 913 404 976 quod
418 914 534 960 inter
546 913 633 959 alia
647 912 786 960 docet
801 914 1059 976 exemplum
1073 913 1127 960 L.
1144 912 1369 975 Scipionis
1383 952 1395 970 ,
1426 915 1502 975 qui
1514 913 1751 959 damnatus
1781 910 1842 957 est
1858 925 1937 971 pe·-
1985 962 1990 970 ι

275 976 452 1024 culatus
468 973 656 1037 judicio,
673 989 723 1022 ut
739 975 942 1038 loquitur
956 976 1156 1025 Valerius
1173 976 1409 1024 Maximus
1430 1014 1442 1031 ,
1462 976 1788 1038 quadringenta
1804 973 1936 1019 octo-
1954 960 2073 1042 21⁶1:ss
2090 973 2162 1046 “b-,2²

275 1040 404 1104 ginta
417 1038 593 1102 argenti
608 1037 707 1101 plus
723 1038 934 1100 accepisse
950 1055 1086 1101 quam
1114 1041 1158 1085 in
1186 1039 1391 1087 aerarium
1405 1038 1648 1084 retulisset:
1677 1038 1725 1082 δε
1741 1035 1933 1081 alioruin
1954 1022 2083 1094 ,Q'v'
2145 1038 2158 1051 ·

275 1116 396 1163 quos
412 1114 515 1147 ante
532 1099 782 1147 retulimus.
819 1101 892 1148 M.
924 1100 1049 1149 Cato
1064 1103 1109 1147 in
1122 1106 1334 1148 oratione
1354 1116 1491 1160 quai-n
1508 1099 1567 1146 de
1583 1097 1730 1160 praeda
1747 1097 1930 1159 scripsit,

277 1161 623 1212 vehementibus
637 1176 772 1232 atque
786 1162 1025 1211 illustribus
1043 1163 1190 1210 verbis
1201 1202 1212 1220 ,
1232 1178 1282 1210 ut
1298 1164 1360 1208 ait
1371 1162 1544 1210 Gellius
1562 1200 1574 1218 ,
1590 1161 1649 1208 de
1664 1160 1933 1223 impunitate

276 1224 512 1290 peculatus
528 1239 663 1287 atque
689 1226 876 1273 licentiae
893 1226 1159 1288 conquestus
1181 1225 1241 1272 est
1260 1242 1271 1273 :
1288 1240 1346 1270 ex
1356 1241 1443 1287 qua
1458 1225 1666 1273 oratione
1686 1223 1776 1269 hoc
1791 1221 1932 1267 exstat
1984 1277 1989 1283 ¹

280 1288 620 1352 fragmentum:
638 1297 753 1334 Fures
764 1296 1009 1348 privatorum
1025 1293 1222 1351 fiartorum
1252 1294 1292 1335 in
1307 1306 1425 1333 nervo
1452 1305 1571 1350 atque
1593 1287 1828 1346 compedibus
1839 1300 1928 1329 αττι-
1950 1274 2102 1357 ωὲῖῐ»

277 1368 359 1401 tem
369 1366 505 1412 agunt.
519 1359 640 1396 Fures
647 1352 792 1412 publici
801 1356 842 1396 in
858 1369 956 1397 auro
968 1365 1082 1414 atque
1091 1366 1270 1411 purpura.
1287 1348 1416 1395 Idem
1429 1348 1533 1395 alibi
1550 1348 1727 1394 dixerat
1745 1383 1756 1401 ‚
1787 1351 1929 1390 mirari
1946 1331 2043 1416 {sssh'
2050 1368 2130 1404 libro

266 1418 310 1476 fi
322 1417 466 1460 audere
479 1430 705 1475 quemquam
717 1426 827 1474 capta
840 1413 1041 1522 bellgigna
1050 1414 1336 1474 prosupellefiile
1347 1414 1630 1469 domistatuere.
1651 1409 1719 1456 Ita
1733 1410 1781 1453 &
1798 1406 1929 1453 Verri
1952 1432 1971 1454 v
1981 1429 2035 1453 ii.

276 1475 507 1542 peculatus
523 1472 738 1521 invidiam
751 1489 887 1537 auget
956 1476 1095 1530 icero,
1114 1475 1240 1536 quod
1256 1473 1426 1537 lignum
1444 1470 1734 1527 sustulissent&
1751 1466 1934 1530 quidem
1952 1468 2034 1503 Verr.
2045 1470 2103 1498 W·

276 1553 462 1602 captum
478 1535 537 1583 de
550 1536 698 1598 praeda
713 1536 922 1585 hostium.
957 1537 1062 1585 Nec
1076 1539 1377 1599 imperatores
1392 1550 1567 1582 tantum
1586 1572 1598 1589 ,
1619 1532 1693 1581 sed
1706 1534 1752 1578 &
1768 1530 1933 1577 milites

276 1601 507 1667 peculatus
521 1598 675 1661 praedae
691 1601 873 1646 nomine
889 1601 1168 1654 tenebantur,
1189 1599 1216 1645 si
1231 1612 1391 1660 nempe
1403 1612 1503 1643 eam
1529 1598 1575 1643 in
1598 1594 1823 1660 publicum
1842 1607 1934 1638 non

259 1661 529 1711 'detulissent
550 1660 874 1724 :adigebantur
888 1664 1009 1709 enirn
1027 1676 1185 1709 omnes
1207 1660 1491 1714 sacramento
1512 1697 1524 1709 ,
1541 1672 1590 1705 ut
1607 1659 1673 1705 ait<
1700 1655 1934 1715 Polybius,

278 1723 367 1770 a&
382 1724 429 1766 τῧ
444 1718 592 1780 (bustum
610 1723 806 1784 νοσφίζεῶς
815 1721 936 1780 penest&
945 1725 1016 1766 τίὸν
1030 1725 1081 1765 (ὑλ
1096 1726 1157 1769 τῆς
1170 1715 1405 1782 λιθιςπαγῆς
1416 1751 1426 1771 2
1437 1722 1538 1764 οἰλὶκόι
1550 1721 1656 1773 ‘rupen
1682 1719 1757 1761 'rlw'
1776 1716 1866 1760 πίε-ιν
1881 1714 1935 1770 i&

270 1787 313 1831 ἢ·
322 1788 425 1845 ‘0'ng
440 1803 453 1825 -·
468 1792 572 1834 nihil
577 1806 791 1850 quenquam
804 1807 850 1835 ex
852 1793 980 1850 prada
996 1791 1302 1847 intervetfiaermn
1319 1788 1411 1846 ‚sed
1418 1787 1537 1842 fidem
1543 1788 1608 1843 ser
1615 1800 1776 1829 vaturos
1793 1800 1836 1826 ex
1849 1783 1938 1825 reli-
1990 1835 1994 1843 Ι

277 1857 385 1912 gione
390 1853 642 1911 sacramenti.
678 1841 788 1910 Qo
803 1849 926 1896 forte
951 1848 1111 1896 referri
1128 1848 1273 1912 potest
1291 1849 1490 1894 formula
1515 1841 1797 1906 jurisjurandi
1815 1840 1933 1904 apud
1952 1835 2133 1914 emb-xvi,

278 1911 480 1959 Gellium
501 1948 512 1968 ,
528 1926 617 1972 qua
633 1912 768 1958 militi
802 1913 1049 1975 imperatur
1069 1910 1237 1972 nequid
1254 1911 1385 1957 tollat
1403 1910 1446 1957 in
1464 1908 1667 1955 exercitu
1683 1905 1933 1965 decemque
1970 1904 1981 1917 “
2002 1894 2042 1929 4·

278 1974 418 2021 millia
434 1971 631 2036 passuum
646 1988 805 2037 prope,
824 1976 948 2037 quod
963 1976 1102 2036 pluris
1119 1974 1170 2020 fit
1187 1974 1363 2022 nummi
1379 1971 1597 2035 argentei,
1615 1982 1691 2015 aut
1708 1968 1738 2014 fi
1756 1965 1934 2013 sustule-

278 2037 338 2083 rit
356 2035 414 2083 ad
432 2034 679 2083 Consulem
695 2035 916 2098 proferat,
930 2053 1005 2085 aut
1020 2036 1176 2083 triduo
1188 2037 1404 2100 proximo
1419 2034 1702 2097 profiteatur.
1730 2030 1851 2076 Hinc
1870 2031 1934 2075 in-

278 2098 422 2162 telligi
438 2097 583 2162 potest
599 2099 708 2160 quid
726 2099 776 2146 fit
788 2101 916 2163 quod
949 2098 1235 2147 Modestinus
1251 2099 1360 2145 dicit
1377 2113 1389 2145 :
1413 2098 1695 2160 Isquipraedam
1709 2097 1758 2138 ab
1775 2096 1935 2149 hostibus
1951 2092 2168 2139 epi-nulum}

269 2164 464 2223 surripuit
480 2164 834 2222 peculatustenetur
849 2186 860 2210 .·
877 2162 1003 2224 quod
1034 2163 1108 2209 vel
1121 2178 1257 2209 unum
1275 2160 1379 2208 satis
1393 2158 1477 2205 effe
1495 2156 1651 2205 debuit
1679 2169 1727 2201 ut
1741 2156 1849 2215 juris
1865 2155 1932 2198 in-
1948 2139 2142 2185 “¹¹“'P‘0‘l‘

276 2236 499 2286 terpretes
516 2237 726 2270 moneret
742 2240 800 2272 ne
816 2241 873 2273 ex
898 2223 1098 2272 hostibus
1112 2238 1246 2287 capta
1275 2222 1453 2281 singulis
1479 2218 1647 2281 acquiri
1682 2216 1932 2264 crederent,
1952 2225 2166 2265 L.1.eod.m.

278 2300 383 2334 cum
398 2284 569 2331 constet
587 2285 841 2346 peculatum
859 2302 949 2333 non
967 2287 1053 2333 effe
1070 2286 1146 2333 nisi
1164 2289 1209 2334 in
1220 2302 1270 2332 re
1285 2274 1465 2347 publica
1481 2321 1493 2339 ,
1508 2282 1629 2327 sacra
1661 2293 1737 2326 aut
1754 2277 1934 2339 religio-

277 2345 341 2396 sa.
351 2346 461 2395 Haec
480 2348 635 2393 omnia
651 2360 710 2394 eo
725 2350 964 2412 pertinent,
978 2363 1026 2395 ut
1039 2360 1267 2412 appareat,
1285 2345 1409 2409 quod
1425 2345 1554 2407 supra
1568 2338 1932 2407 diximus-{emo-

278 2424 326 2459 ta
341 2410 441 2475 lege
457 2407 639 2478 civili&
652 2413 802 2473 primo
821 2448 833 2467 ,
850 2412 896 2458 in
913 2411 1086 2459 bellicis
1097 2409 1269 2458 actibus
1292 2422 1424 2474 capta
1441 2404 1598 2471 populi
1611 2417 1687 2453 aut
1701 2416 1818 2464 regis
1831 2398 1933 2446 bel-

279 2474 374 2521 lum
390 2485 587 2536 gerentis
597 2472 706 2518 fieri.
1876 2523 1886 2529 ¹

341 2534 394 2581 X
409 2535 458 2581 X
474 2533 551 2580 11.
584 2532 856 2582 Addidimus
873 2529 1042 2581 semota
1073 2532 1174 2599 lege
1188 2533 1311 2582 civili
1324 2533 1372 2579 δε
1386 2532 1537 2597 primo
1553 2528 1641 2575 five
1657 2522 1826 2592 direcste
1842 2537 1854 2569 :
1876 2520 1933 2567 il-

278 2597 360 2645 lud
381 2597 486 2659 quia
497 2594 555 2642 de
571 2593 702 2646 rebus
711 2595 916 2643 nondum
932 2597 1032 2644 aetii
1057 2595 1251 2659 quaesitis.
1269 2597 1345 2642 lex
1372 2593 1433 2644 ad
1457 2591 1693 2639 utilitatem
1709 2586 1933 2650 publicam

278 2659 428 2725 potest
442 2660 682 2720 imperare,
701 2659 790 2706 five
809 2658 884 2705 lex
898 2659 974 2706 illa
991 2660 1066 2704 lex
1075 2660 1232 2721 populi
1248 2657 1310 2708 est
1326 2674 1379 2706 ut
1409 2653 1531 2719 apud
1545 2652 1784 2717 Romanos
1799 2682 1809 2696 ,
1845 2645 1936 2691 five

271 2722 412 2786 '·xegis,
423 2735 474 2767 ut
489 2719 609 2783 apud
623 2721 843 2768 Hebraeos
859 2723 906 2766 δε
924 2720 1048 2766 alibi.
1076 2719 1170 2768 Sub
1186 2721 1299 2787 legis
1312 2734 1459 2768 autem
1478 2715 1658 2762 nomine
1671 2724 1806 2757 etiarn
1824 2721 1936 2774 con-

278 2782 562 2832 suetudinem
575 2782 696 2829 reiste
709 2782 1012 2830 introdufflm
1043 2783 1254 2833 volumus
1287 2775 1630 2844 comprehendi.
1659 2773 1863 2819 Alterum
1882 2766 1938 2811 il-

279 2843 359 2893 lud
370 2859 429 2890 eo
448 2844 643 2905 pertinet
664 2882 677 2901 ,
697 2858 744 2890 ut
762 2843 949 2892 sciamus
963 2845 1070 2890 sicut
1096 2861 1170 2893 res
1187 2849 1294 2895 alias
1321 2847 1383 2892 ita
1398 2843 1445 2887 &
1460 2836 1651 2904 praedam
1670 2831 1792 2896 posse
1809 2835 1836 2876 ὲ-
1851 2843 1933 2891 ΡΟ-

280 2906 394 2978 pulo
414 2906 455 2950 al
472 2906 508 2950 is
524 2906 731 2962 concedi,
755 2921 835 2953 nec
852 2919 1027 2952 tantum
1039 2908 1141 2969 post
1159 2907 1496 2973 acquisitionem
1511 2938 1522 2955 ‚
1544 2896 1620 2945 sed
1634 2898 1680 2942 δε
1696 2908 1799 2941 ante
1817 2905 1934 2944 eam,

279 2984 343 3017 ita
355 2981 405 3014 ut
421 2963 650 3013 subsecuta
672 2984 856 3030 captura
879 2968 1221 3032 conjungantur
1252 2969 1446 3017 affirmes
1476 2961 1603 3007 brevi
1638 2972 1770 3026 manu
1802 2967 1849 3022 ut
1866 2950 1939 2996 lo-

280 3043 477 3094 quuntur
489 3027 810 3078 Iurisconsulti:
838 3044 920 3076 nec
942 3031 1122 3078 tantuin
1137 3050 1192 3080 ea
1201 3027 1430 3079 conceffio
1458 3024 1730 3069 nominatim
1751 3017 1841 3084 fieri
1854 3027 1940 3076 po-

280 3093 364 3141 test
376 3128 386 3142 ‚
407 3090 485 3138 sed
515 3091 563 3135 &
581 3092 625 3137 in
654 3107 817 3154 genere
832 3130 843 3145 ,
878 3105 928 3136 ut
944 3092 1092 3139 viduis
1110 3129 1120 3142 ‚
1156 3094 1328 3142 senibus
1342 3093 1388 3136 &
1400 3084 1635 3150 egentibus
1650 3078 1823 3148 pupillis
1841 3088 1941 3143 pars
1964 3090 2004 3119 11
2020 3080 2113 3116 Mac.

280 3153 437 3216 praedae
453 3152 559 3199 data
571 3152 632 3199 est
645 3152 927 3215 temporibus
953 3153 1261 3204 Maccabaicis
1279 3192 1292 3209 ,
1312 3165 1386 3199 aut
1399 3149 1537 3195 etiam
1555 3143 1750 3212 personis
1761 3151 1939 3206 incertis
1965 3136 2030 3222 32¹
2041 3142 2073 3168 ¹·
2091 3129 2153 3170 ²3»

281 3216 343 3263 ad
357 3230 491 3272 exem
524 3213 617 3261 lum
636 3214 864 3261 missilium
897 3229 991 3275 quse
1009 3213 1213 3265 Romani
1251 3212 1471 3264 Consules
1502 3209 1771 3271 capientium
1802 3199 1944 3268 facie-

282 3278 416 3326 bant.
447 3229 618 3339 Nleque
649 3291 762 3326 vero
786 3278 877 3324 haec
902 3276 1011 3334 juris
1043 3280 1273 3329 transsatio
1306 3291 1411 3386 ciulac1
1425 3272 1530 3381 {lege
1558 3283 1635 3317 aut
1664 3264 1868 3373 conceflp
1901 3260 1951 3305 fit

1489 3344 1523 3381 2
1857 3338 1954 3371 ein-
