<?xml version="1.0" encoding="UTF-8"?>
<!DOCTYPE html PUBLIC "-//W3C//DTD XHTML 1.0 Transitional//EN"
    "http://www.w3.org/TR/xhtml1/DTD/xhtml1-transitional.dtd">
<html xmlns="http://www.w3.org/1999/xhtml" xml:lang="en" lang="en">
 <head>
  <title>
</title>
<meta http-equiv="Content-Type" content="text/html;charset=utf-8" />
  <meta name='ocr-system' content='tesseract 3.04.00' />
  <meta name='ocr-capabilities' content='ocr_page ocr_carea ocr_par ocr_line ocrx_word'/>
</head>
<body>
  <div class='ocr_page' id='page_1' title='image "./hugonisgrottiide010grotuoft_0346.png"; bbox 0 0 2380 3917; ppageno 0'>
   <div class='ocr_carea' id='block_1_1' title="bbox 150 513 330 555">
    <p class='ocr_par' dir='ltr' id='par_1_1' title="bbox 150 513 330 555">
     <span class='ocr_line' id='line_1_1' title="bbox 150 513 330 555; baseline -0.006 -12"><span class='ocrx_word' id='word_1_1' title='bbox 150 522 189 551; x_wconf 80' lang='lat'>11</span> <span class='ocrx_word' id='word_1_2' title='bbox 210 513 330 555; x_wconf 71' lang='lat' dir='ltr'>Regum</span> 
     </span>
    </p>
   </div>
   <div class='ocr_carea' id='block_1_2' title="bbox 143 566 320 644">
    <p class='ocr_par' dir='ltr' id='par_1_2' title="bbox 143 566 320 644">
     <span class='ocr_line' id='line_1_2' title="bbox 144 566 281 594; baseline -0.029 0"><span class='ocrx_word' id='word_1_3' title='bbox 144 570 212 594; x_wconf 69' lang='lat' dir='ltr'>XV}</span> <span class='ocrx_word' id='word_1_4' title='bbox 229 566 281 591; x_wconf 70' lang='grc'>11.</span> 
     </span>
     <span class='ocr_line' id='line_1_3' title="bbox 143 603 320 644; baseline -0.017 -6"><span class='ocrx_word' id='word_1_5' title='bbox 143 611 255 644; x_wconf 62' lang='lat' dir='ltr'>Lamus</span> <span class='ocrx_word' id='word_1_6' title='bbox 267 603 320 637; x_wconf 66' lang='lat' dir='ltr'>lib.</span> 
     </span>
    </p>
   </div>
   <div class='ocr_carea' id='block_1_3' title="bbox 143 662 359 733">
    <p class='ocr_par' dir='ltr' id='par_1_3' title="bbox 143 662 359 733">
     <span class='ocr_line' id='line_1_4' title="bbox 143 662 278 687; baseline -0.007 0"><span class='ocrx_word' id='word_1_7' title='bbox 143 663 235 687; x_wconf 64' lang='lat' dir='ltr'>XXV!</span> <span class='ocrx_word' id='word_1_8' title='bbox 250 662 278 686; x_wconf 81' lang='grc' dir='ltr'>Ι-</span> 
     </span>
     <span class='ocr_line' id='line_1_5' title="bbox 144 702 359 733; baseline -0.009 -1"><span class='ocrx_word' id='word_1_9' title='bbox 144 702 216 733; x_wconf 70' lang='lat' dir='ltr'>Ln&#39;v.</span> <span class='ocrx_word' id='word_1_10' title='bbox 231 704 316 731; x_wconf 69' lang='lat' dir='ltr'>xxx}</span> <span class='ocrx_word' id='word_1_11' title='bbox 331 702 359 730; x_wconf 73' lang='grc' dir='ltr'>Ι,</span> 
     </span>
    </p>
   </div>
   <div class='ocr_carea' id='block_1_4' title="bbox 143 746 314 790">
    <p class='ocr_par' dir='ltr' id='par_1_4' title="bbox 143 746 314 790">
     <span class='ocr_line' id='line_1_6' title="bbox 143 746 314 790; baseline -0.018 -9"><span class='ocrx_word' id='word_1_12' title='bbox 143 746 225 782; x_wconf 65' lang='lat' dir='ltr'>Sall.</span> <span class='ocrx_word' id='word_1_13' title='bbox 244 748 314 790; x_wconf 72' lang='lat' dir='ltr'>lug.</span> 
     </span>
    </p>
   </div>
   <div class='ocr_carea' id='block_1_5' title="bbox 149 2930 322 2979">
    <p class='ocr_par' dir='ltr' id='par_1_5' title="bbox 149 2930 322 2979">
     <span class='ocr_line' id='line_1_7' title="bbox 149 2930 322 2979; baseline 0.017 -14"><span class='ocrx_word' id='word_1_14' title='bbox 149 2930 230 2965; x_wconf 70' lang='lat' dir='ltr'>Bello</span> <span class='ocrx_word' id='word_1_15' title='bbox 251 2933 322 2979; x_wconf 83' lang='lat' dir='ltr'>lug.</span> 
     </span>
    </p>
   </div>
   <div class='ocr_carea' id='block_1_6' title="bbox 377 278 1608 337">
    <p class='ocr_par' dir='ltr' id='par_1_6' title="bbox 377 278 1608 337">
     <span class='ocr_line' id='line_1_8' title="bbox 377 278 1608 337; baseline -0.004 -17"><span class='ocrx_word' id='word_1_16' title='bbox 377 290 452 337; x_wconf 75' lang='lat'>29⁶</span> <span class='ocrx_word' id='word_1_17' title='bbox 764 278 1608 319; x_wconf 68' lang='lat' dir='ltr'>nrrvnenerrr</span> 
     </span>
    </p>
   </div>
   <div class='ocr_carea' id='block_1_7' title="bbox 370 345 2048 3308">
    <p class='ocr_par' dir='ltr' id='par_1_7' title="bbox 372 345 2038 1046">
     <span class='ocr_line' id='line_1_9' title="bbox 379 345 2038 410; baseline -0.005 -7"><span class='ocrx_word' id='word_1_18' title='bbox 379 356 437 404; x_wconf 85' lang='lat' dir='ltr'>ad</span> <span class='ocrx_word' id='word_1_19' title='bbox 455 353 499 402; x_wconf 83' lang='lat' dir='ltr'>se</span> <span class='ocrx_word' id='word_1_20' title='bbox 511 350 683 400; x_wconf 79' lang='lat' dir='ltr'>miffum</span> <span class='ocrx_word' id='word_1_21' title='bbox 705 350 861 396; x_wconf 84' lang='lat' dir='ltr'>audire</span> <span class='ocrx_word' id='word_1_22' title='bbox 879 347 1325 408; x_wconf 82' lang='lat' dir='ltr'>Lyfimachusnoluit</span> <span class='ocrx_word' id='word_1_23' title='bbox 1345 363 1357 394; x_wconf 91' lang='lat'>:</span> <span class='ocrx_word' id='word_1_24' title='bbox 1388 348 1603 409; x_wconf 84' lang='lat' dir='ltr'>idemque</span> <span class='ocrx_word' id='word_1_25' title='bbox 1626 345 1722 393; x_wconf 86' lang='lat' dir='ltr'>aliis</span> <span class='ocrx_word' id='word_1_26' title='bbox 1736 350 1887 395; x_wconf 84' lang='lat' dir='ltr'>evenit</span> <span class='ocrx_word' id='word_1_27' title='bbox 1902 361 2038 410; x_wconf 84' lang='lat' dir='ltr'>pecu-</span> 
     </span>
     <span class='ocr_line' id='line_1_10' title="bbox 379 407 2034 472; baseline -0.005 -9"><span class='ocrx_word' id='word_1_28' title='bbox 379 419 498 464; x_wconf 73' lang='lat' dir='ltr'>liaris</span> <span class='ocrx_word' id='word_1_29' title='bbox 517 417 611 463; x_wconf 88' lang='lat' dir='ltr'>odii</span> <span class='ocrx_word' id='word_1_30' title='bbox 629 412 768 461; x_wconf 80' lang='lat' dir='ltr'>causa.</span> <span class='ocrx_word' id='word_1_31' title='bbox 805 412 1020 457; x_wconf 88' lang='lat' dir='ltr'>Tertium</span> <span class='ocrx_word' id='word_1_32' title='bbox 1046 409 1174 472; x_wconf 89' lang='lat' dir='ltr'>quod</span> <span class='ocrx_word' id='word_1_33' title='bbox 1203 409 1400 456; x_wconf 79' lang='lat' dir='ltr'>diximus</span> <span class='ocrx_word' id='word_1_34' title='bbox 1422 411 1574 456; x_wconf 88' lang='lat' dir='ltr'>locum</span> <span class='ocrx_word' id='word_1_35' title='bbox 1592 410 1729 456; x_wconf 80' lang='lat' dir='ltr'>habet</span> <span class='ocrx_word' id='word_1_36' title='bbox 1756 415 1780 440; x_wconf 88' lang='lat'><strong>*</strong></span> <span class='ocrx_word' id='word_1_37' title='bbox 1813 407 2034 456; x_wconf 83' lang='lat' dir='ltr'>ubicausa</span> 
     </span>
     <span class='ocr_line' id='line_1_11' title="bbox 378 471 2031 538; baseline -0.007 -10"><span class='ocrx_word' id='word_1_38' title='bbox 378 479 590 528; x_wconf 86' lang='lat' dir='ltr'>mittendi</span> <span class='ocrx_word' id='word_1_39' title='bbox 612 515 622 533; x_wconf 88' lang='lat'>,</span> <span class='ocrx_word' id='word_1_40' title='bbox 643 492 716 523; x_wconf 86' lang='lat' dir='ltr'>aut</span> <span class='ocrx_word' id='word_1_41' title='bbox 736 474 926 538; x_wconf 60' lang='lat' dir='ltr'>suspeRa</span> <span class='ocrx_word' id='word_1_42' title='bbox 941 472 1003 518; x_wconf 90' lang='lat' dir='ltr'>est</span> <span class='ocrx_word' id='word_1_43' title='bbox 1021 511 1031 526; x_wconf 83' lang='lat'>,</span> <span class='ocrx_word' id='word_1_44' title='bbox 1048 487 1097 520; x_wconf 90' lang='lat' dir='ltr'>ut</span> <span class='ocrx_word' id='word_1_45' title='bbox 1115 471 1360 518; x_wconf 83' lang='lat' dir='ltr'>Rhabsacis</span> <span class='ocrx_word' id='word_1_46' title='bbox 1377 472 1535 534; x_wconf 70' lang='lat' dir='ltr'>Ass&#39;yrii</span> <span class='ocrx_word' id='word_1_47' title='bbox 1551 473 1722 535; x_wconf 78' lang='lat' dir='ltr'>legatio</span> <span class='ocrx_word' id='word_1_48' title='bbox 1737 471 1793 518; x_wconf 80' lang='lat' dir='ltr'>ad</span> <span class='ocrx_word' id='word_1_49' title='bbox 1811 472 2031 535; x_wconf 84' lang='lat' dir='ltr'>populum</span> 
     </span>
     <span class='ocr_line' id='line_1_12' title="bbox 377 534 2033 599; baseline -0.007 -9"><span class='ocrx_word' id='word_1_50' title='bbox 377 540 694 590; x_wconf 85' lang='lat' dir='ltr'>concitandum</span> <span class='ocrx_word' id='word_1_51' title='bbox 711 540 878 584; x_wconf 87' lang='lat' dir='ltr'>merito</span> <span class='ocrx_word' id='word_1_52' title='bbox 891 534 1086 597; x_wconf 64' lang='lat' dir='ltr'>suspecta</span> <span class='ocrx_word' id='word_1_53' title='bbox 1101 549 1198 580; x_wconf 86' lang='lat' dir='ltr'>erat</span> <span class='ocrx_word' id='word_1_54' title='bbox 1219 534 1521 591; x_wconf 78' lang='lat' dir='ltr'>Ezechiae,arit</span> <span class='ocrx_word' id='word_1_55' title='bbox 1537 551 1628 581; x_wconf 88' lang='lat' dir='ltr'>non</span> <span class='ocrx_word' id='word_1_56' title='bbox 1641 551 1697 582; x_wconf 81' lang='lat' dir='ltr'>cx</span> <span class='ocrx_word' id='word_1_57' title='bbox 1713 535 1939 599; x_wconf 78' lang='lat' dir='ltr'>dignitate</span> <span class='ocrx_word' id='word_1_58' title='bbox 1954 546 2033 579; x_wconf 83' lang='lat' dir='ltr'>aut</span> 
     </span>
     <span class='ocr_line' id='line_1_13' title="bbox 381 596 2032 668; baseline -0.006 -16"><span class='ocrx_word' id='word_1_59' title='bbox 381 603 660 668; x_wconf 76' lang='lat' dir='ltr'>temporibus</span> <span class='ocrx_word' id='word_1_60' title='bbox 674 601 964 647; x_wconf 89' lang='lat' dir='ltr'>conveniens.</span> <span class='ocrx_word' id='word_1_61' title='bbox 995 596 1069 643; x_wconf 88' lang='lat' dir='ltr'>Sic</span> <span class='ocrx_word' id='word_1_62' title='bbox 1082 597 1248 643; x_wconf 84' lang='lat' dir='ltr'>AEtolis</span> <span class='ocrx_word' id='word_1_63' title='bbox 1265 596 1583 645; x_wconf 82' lang='lat' dir='ltr'>denuntiarunt</span> <span class='ocrx_word' id='word_1_64' title='bbox 1602 596 1813 654; x_wconf 81' lang='lat' dir='ltr'>Romani,</span> <span class='ocrx_word' id='word_1_65' title='bbox 1826 613 1883 643; x_wconf 88' lang='lat' dir='ltr'>ne</span> <span class='ocrx_word' id='word_1_66' title='bbox 1894 612 2032 658; x_wconf 84' lang='lat' dir='ltr'>quam</span> 
     </span>
     <span class='ocr_line' id='line_1_14' title="bbox 379 659 2033 730; baseline -0.005 -16"><span class='ocrx_word' id='word_1_67' title='bbox 379 670 651 730; x_wconf 67' lang='lat' dir='ltr'>legationem</span> <span class='ocrx_word' id='word_1_68' title='bbox 668 665 900 709; x_wconf 75' lang='lat' dir='ltr'>mitterent</span> <span class='ocrx_word' id='word_1_69' title='bbox 917 660 994 707; x_wconf 79' lang='lat' dir='ltr'>nisi</span> <span class='ocrx_word' id='word_1_70' title='bbox 1012 659 1220 722; x_wconf 79' lang='lat' dir='ltr'>permiffu</span> <span class='ocrx_word' id='word_1_71' title='bbox 1233 659 1528 723; x_wconf 75' lang='lat' dir='ltr'>Imperatoris</span> <span class='ocrx_word' id='word_1_72' title='bbox 1547 676 1556 706; x_wconf 90' lang='lat'><strong>:</strong></span> <span class='ocrx_word' id='word_1_73' title='bbox 1578 660 1741 708; x_wconf 87' lang='lat' dir='ltr'>Perseo</span> <span class='ocrx_word' id='word_1_74' title='bbox 1761 677 1815 707; x_wconf 88' lang='lat' dir='ltr'>ne</span> <span class='ocrx_word' id='word_1_75' title='bbox 1831 659 2033 705; x_wconf 81' lang='lat' dir='ltr'>Romam</span> 
     </span>
     <span class='ocr_line' id='line_1_15' title="bbox 377 721 2034 786; baseline -0.007 -9"><span class='ocrx_word' id='word_1_76' title='bbox 377 734 581 778; x_wconf 83' lang='lat' dir='ltr'>mitteret</span> <span class='ocrx_word' id='word_1_77' title='bbox 596 766 606 783; x_wconf 90' lang='lat'>,</span> <span class='ocrx_word' id='word_1_78' title='bbox 640 725 714 773; x_wconf 92' lang='lat' dir='ltr'>sed</span> <span class='ocrx_word' id='word_1_79' title='bbox 733 724 790 772; x_wconf 89' lang='lat' dir='ltr'>ad</span> <span class='ocrx_word' id='word_1_80' title='bbox 809 724 1036 771; x_wconf 89' lang='lat' dir='ltr'>Licinium</span> <span class='ocrx_word' id='word_1_81' title='bbox 1054 740 1065 770; x_wconf 86' lang='grc'>;</span> <span class='ocrx_word' id='word_1_82' title='bbox 1092 724 1139 768; x_wconf 86' lang='lat'>&amp;</span> <span class='ocrx_word' id='word_1_83' title='bbox 1155 722 1379 786; x_wconf 80' lang='lat' dir='ltr'>Iugurthae</span> <span class='ocrx_word' id='word_1_84' title='bbox 1393 723 1550 786; x_wconf 76' lang='lat' dir='ltr'>legatis</span> <span class='ocrx_word' id='word_1_85' title='bbox 1569 722 1802 771; x_wconf 59' lang='lat' dir='ltr'>edictum*</span> <span class='ocrx_word' id='word_1_86' title='bbox 1819 724 1935 769; x_wconf 87' lang='lat' dir='ltr'>intra</span> <span class='ocrx_word' id='word_1_87' title='bbox 1951 721 2034 766; x_wconf 88' lang='lat' dir='ltr'>de-</span> 
     </span>
     <span class='ocr_line' id='line_1_16' title="bbox 375 784 2033 850; baseline -0.006 -11"><span class='ocrx_word' id='word_1_88' title='bbox 375 810 475 840; x_wconf 87' lang='lat' dir='ltr'>cem</span> <span class='ocrx_word' id='word_1_89' title='bbox 501 790 595 836; x_wconf 88' lang='lat' dir='ltr'>dies</span> <span class='ocrx_word' id='word_1_90' title='bbox 611 788 742 835; x_wconf 82' lang='lat' dir='ltr'>Italia</span> <span class='ocrx_word' id='word_1_91' title='bbox 758 786 1034 836; x_wconf 79' lang='lat' dir='ltr'>excederent</span> <span class='ocrx_word' id='word_1_92' title='bbox 1053 787 1097 830; x_wconf 91' lang='lat' dir='ltr'>ni</span> <span class='ocrx_word' id='word_1_93' title='bbox 1114 801 1305 849; x_wconf 84' lang='lat' dir='ltr'>regnum</span> <span class='ocrx_word' id='word_1_94' title='bbox 1324 787 1372 831; x_wconf 87' lang='lat'>&amp;</span> <span class='ocrx_word' id='word_1_95' title='bbox 1403 802 1560 850; x_wconf 82' lang='lat' dir='ltr'>regem</span> <span class='ocrx_word' id='word_1_96' title='bbox 1580 786 1786 834; x_wconf 84' lang='lat' dir='ltr'>deditum</span> <span class='ocrx_word' id='word_1_97' title='bbox 1806 784 2033 833; x_wconf 86' lang='lat' dir='ltr'>veniffent.</span> 
     </span>
     <span class='ocr_line' id='line_1_17' title="bbox 372 847 2035 915; baseline -0.005 -15"><span class='ocrx_word' id='word_1_98' title='bbox 372 856 573 915; x_wconf 77' lang='lat' dir='ltr'>Optimo</span> <span class='ocrx_word' id='word_1_99' title='bbox 592 867 745 899; x_wconf 85' lang='lat' dir='ltr'>autem</span> <span class='ocrx_word' id='word_1_100' title='bbox 771 853 871 912; x_wconf 82' lang='lat' dir='ltr'>jure</span> <span class='ocrx_word' id='word_1_101' title='bbox 888 850 1016 908; x_wconf 87' lang='lat' dir='ltr'>rejici</span> <span class='ocrx_word' id='word_1_102' title='bbox 1035 847 1213 913; x_wconf 82' lang='lat' dir='ltr'>poffunt</span> <span class='ocrx_word' id='word_1_103' title='bbox 1245 865 1338 911; x_wconf 83' lang='lat' dir='ltr'>quae</span> <span class='ocrx_word' id='word_1_104' title='bbox 1365 865 1477 894; x_wconf 89' lang='lat' dir='ltr'>nunc</span> <span class='ocrx_word' id='word_1_105' title='bbox 1506 851 1551 899; x_wconf 84' lang='lat' dir='ltr'>in</span> <span class='ocrx_word' id='word_1_106' title='bbox 1580 847 1654 896; x_wconf 86' lang='lat' dir='ltr'>usu</span> <span class='ocrx_word' id='word_1_107' title='bbox 1672 849 1767 896; x_wconf 89' lang='lat' dir='ltr'>sunt</span> <span class='ocrx_word' id='word_1_108' title='bbox 1785 848 2035 912; x_wconf 81' lang='lat' dir='ltr'>legationes</span> 
     </span>
     <span class='ocr_line' id='line_1_18' title="bbox 375 909 2035 976; baseline -0.007 -11"><span class='ocrx_word' id='word_1_109' title='bbox 375 918 552 965; x_wconf 80' lang='lat' dir='ltr'>afliduae</span> <span class='ocrx_word' id='word_1_110' title='bbox 572 954 584 971; x_wconf 93' lang='lat'>‚</span> <span class='ocrx_word' id='word_1_111' title='bbox 623 915 784 976; x_wconf 87' lang='lat' dir='ltr'>quibus</span> <span class='ocrx_word' id='word_1_112' title='bbox 817 928 954 976; x_wconf 88' lang='lat' dir='ltr'>quam</span> <span class='ocrx_word' id='word_1_113' title='bbox 990 927 1086 958; x_wconf 90' lang='lat' dir='ltr'>non</span> <span class='ocrx_word' id='word_1_114' title='bbox 1120 910 1171 958; x_wconf 86' lang='lat' dir='ltr'>sit</span> <span class='ocrx_word' id='word_1_115' title='bbox 1197 927 1313 974; x_wconf 87' lang='lat' dir='ltr'>opus</span> <span class='ocrx_word' id='word_1_116' title='bbox 1341 911 1484 958; x_wconf 88' lang='lat' dir='ltr'>docet</span> <span class='ocrx_word' id='word_1_117' title='bbox 1512 927 1616 958; x_wconf 88' lang='lat' dir='ltr'>mos</span> <span class='ocrx_word' id='word_1_118' title='bbox 1633 915 1841 975; x_wconf 88' lang='lat' dir='ltr'>antiquus</span> <span class='ocrx_word' id='word_1_119' title='bbox 1867 911 1939 955; x_wconf 87' lang='lat' dir='ltr'>cui</span> <span class='ocrx_word' id='word_1_120' title='bbox 1954 909 2035 955; x_wconf 69' lang='lat' dir='ltr'>{11ae</span> 
     </span>
     <span class='ocr_line' id='line_1_19' title="bbox 373 983 604 1046; baseline -0.017 -19"><span class='ocrx_word' id='word_1_121' title='bbox 373 983 604 1046; x_wconf 69' lang='lat' dir='ltr'>ignoratae.</span> 
     </span>
    </p>

    <p class='ocr_par' dir='ltr' id='par_1_8' title="bbox 370 1033 2046 2779">
     <span class='ocr_line' id='line_1_20' title="bbox 438 1033 2036 1098; baseline -0.004 -12"><span class='ocrx_word' id='word_1_122' title='bbox 438 1040 523 1089; x_wconf 83' lang='lat' dir='ltr'>IV.</span> <span class='ocrx_word' id='word_1_123' title='bbox 563 1045 592 1074; x_wconf 81' lang='lat'>*</span> <span class='ocrx_word' id='word_1_124' title='bbox 614 1040 689 1087; x_wconf 91' lang='lat' dir='ltr'>De</span> <span class='ocrx_word' id='word_1_125' title='bbox 706 1054 799 1085; x_wconf 89' lang='lat' dir='ltr'>non</span> <span class='ocrx_word' id='word_1_126' title='bbox 818 1035 1045 1086; x_wconf 87' lang='lat' dir='ltr'>violandis</span> <span class='ocrx_word' id='word_1_127' title='bbox 1062 1033 1226 1097; x_wconf 76' lang='lat' dir='ltr'>legatis</span> <span class='ocrx_word' id='word_1_128' title='bbox 1242 1035 1473 1083; x_wconf 88' lang='lat' dir='ltr'>difficilior</span> <span class='ocrx_word' id='word_1_129' title='bbox 1490 1035 1550 1083; x_wconf 88' lang='lat' dir='ltr'>cst</span> <span class='ocrx_word' id='word_1_130' title='bbox 1566 1034 1748 1098; x_wconf 78' lang='lat' dir='ltr'>quaestio</span> <span class='ocrx_word' id='word_1_131' title='bbox 1767 1072 1779 1092; x_wconf 84' lang='lat'>‚</span> <span class='ocrx_word' id='word_1_132' title='bbox 1810 1033 1991 1081; x_wconf 83' lang='lat' dir='ltr'>&amp;varie</span> <span class='ocrx_word' id='word_1_133' title='bbox 2008 1035 2036 1084; x_wconf 64' lang='lat' dir='ltr'>a</span> 
     </span>
     <span class='ocr_line' id='line_1_21' title="bbox 372 1095 2037 1165; baseline -0.007 -13"><span class='ocrx_word' id='word_1_134' title='bbox 372 1106 503 1152; x_wconf 84' lang='lat' dir='ltr'>claris</span> <span class='ocrx_word' id='word_1_135' title='bbox 531 1103 663 1165; x_wconf 85' lang='lat' dir='ltr'>hujus</span> <span class='ocrx_word' id='word_1_136' title='bbox 681 1100 822 1148; x_wconf 76' lang='lat' dir='ltr'>saeculi</span> <span class='ocrx_word' id='word_1_137' title='bbox 839 1100 1029 1164; x_wconf 78' lang='lat' dir='ltr'>ingeniis</span> <span class='ocrx_word' id='word_1_138' title='bbox 1060 1098 1261 1146; x_wconf 64' lang='lat' dir='ltr'>traftata.</span> <span class='ocrx_word' id='word_1_139' title='bbox 1298 1098 1560 1147; x_wconf 85' lang='lat' dir='ltr'>Videndum</span> <span class='ocrx_word' id='word_1_140' title='bbox 1578 1113 1730 1146; x_wconf 87' lang='lat' dir='ltr'>autem</span> <span class='ocrx_word' id='word_1_141' title='bbox 1745 1096 1961 1144; x_wconf 82' lang='lat' dir='ltr'>habemus</span> <span class='ocrx_word' id='word_1_142' title='bbox 1977 1095 2037 1141; x_wconf 87' lang='lat' dir='ltr'>de</span> 
     </span>
     <span class='ocr_line' id='line_1_22' title="bbox 370 1160 2039 1232; baseline -0.007 -18"><span class='ocrx_word' id='word_1_143' title='bbox 370 1169 627 1232; x_wconf 77' lang='lat' dir='ltr'>legatorum</span> <span class='ocrx_word' id='word_1_144' title='bbox 646 1163 846 1228; x_wconf 89' lang='lat' dir='ltr'>personis</span> <span class='ocrx_word' id='word_1_145' title='bbox 865 1201 876 1219; x_wconf 88' lang='lat'>‚</span> <span class='ocrx_word' id='word_1_146' title='bbox 896 1160 1063 1209; x_wconf 86' lang='lat' dir='ltr'>deinde</span> <span class='ocrx_word' id='word_1_147' title='bbox 1082 1160 1142 1207; x_wconf 86' lang='lat' dir='ltr'>de</span> <span class='ocrx_word' id='word_1_148' title='bbox 1155 1162 1400 1210; x_wconf 85' lang='lat' dir='ltr'>comitibus</span> <span class='ocrx_word' id='word_1_149' title='bbox 1418 1178 1576 1209; x_wconf 86' lang='lat' dir='ltr'>eorum</span> <span class='ocrx_word' id='word_1_150' title='bbox 1597 1177 1647 1208; x_wconf 87' lang='lat' dir='ltr'>ac</span> <span class='ocrx_word' id='word_1_151' title='bbox 1660 1160 1807 1207; x_wconf 90' lang='lat' dir='ltr'>bonis.</span> <span class='ocrx_word' id='word_1_152' title='bbox 1843 1160 1917 1207; x_wconf 91' lang='lat' dir='ltr'>De</span> <span class='ocrx_word' id='word_1_153' title='bbox 1934 1174 2039 1222; x_wconf 83' lang='lat' dir='ltr'>per-</span> 
     </span>
     <span class='ocr_line' id='line_1_23' title="bbox 373 1223 2038 1288; baseline -0.007 -11"><span class='ocrx_word' id='word_1_154' title='bbox 373 1231 490 1277; x_wconf 85' lang='lat' dir='ltr'>sonis</span> <span class='ocrx_word' id='word_1_155' title='bbox 507 1228 581 1275; x_wconf 89' lang='lat' dir='ltr'>alii</span> <span class='ocrx_word' id='word_1_156' title='bbox 598 1229 659 1274; x_wconf 81' lang='lat' dir='ltr'>ita</span> <span class='ocrx_word' id='word_1_157' title='bbox 676 1227 865 1274; x_wconf 85' lang='lat' dir='ltr'>sentiunt</span> <span class='ocrx_word' id='word_1_158' title='bbox 885 1266 896 1282; x_wconf 87' lang='lat'>,</span> <span class='ocrx_word' id='word_1_159' title='bbox 915 1228 1014 1287; x_wconf 83' lang='lat' dir='ltr'>jure</span> <span class='ocrx_word' id='word_1_160' title='bbox 1030 1229 1235 1288; x_wconf 84' lang='lat' dir='ltr'>gentium</span> <span class='ocrx_word' id='word_1_161' title='bbox 1253 1229 1347 1273; x_wconf 87' lang='lat' dir='ltr'>vim</span> <span class='ocrx_word' id='word_1_162' title='bbox 1365 1225 1583 1272; x_wconf 83' lang='lat' dir='ltr'>duntaxat</span> <span class='ocrx_word' id='word_1_163' title='bbox 1597 1223 1800 1284; x_wconf 86' lang='lat' dir='ltr'>injustam</span> <span class='ocrx_word' id='word_1_164' title='bbox 1817 1227 1842 1272; x_wconf 72' lang='lat' dir='ltr'>a</span> <span class='ocrx_word' id='word_1_165' title='bbox 1860 1224 2038 1285; x_wconf 81' lang='lat' dir='ltr'>legato-</span> 
     </span>
     <span class='ocr_line' id='line_1_24' title="bbox 371 1283 2037 1352; baseline -0.006 -12"><span class='ocrx_word' id='word_1_166' title='bbox 371 1309 475 1341; x_wconf 85' lang='lat' dir='ltr'>rum</span> <span class='ocrx_word' id='word_1_167' title='bbox 492 1291 764 1351; x_wconf 83' lang='lat' dir='ltr'>corporibus</span> <span class='ocrx_word' id='word_1_168' title='bbox 777 1292 919 1336; x_wconf 83' lang='lat' dir='ltr'>arceri</span> <span class='ocrx_word' id='word_1_169' title='bbox 939 1322 951 1336; x_wconf 91' lang='lat'><strong>.</strong></span> <span class='ocrx_word' id='word_1_170' title='bbox 989 1286 1188 1336; x_wconf 83' lang='lat' dir='ltr'>Censent</span> <span class='ocrx_word' id='word_1_171' title='bbox 1207 1291 1328 1335; x_wconf 86' lang='lat' dir='ltr'>enim</span> <span class='ocrx_word' id='word_1_172' title='bbox 1356 1288 1592 1352; x_wconf 83' lang='lat' dir='ltr'>privilegia</span> <span class='ocrx_word' id='word_1_173' title='bbox 1606 1303 1663 1333; x_wconf 77' lang='lat' dir='ltr'>ex</span> <span class='ocrx_word' id='word_1_174' title='bbox 1685 1288 1783 1346; x_wconf 87' lang='lat' dir='ltr'>jure</span> <span class='ocrx_word' id='word_1_175' title='bbox 1799 1283 2037 1332; x_wconf 87' lang='lat' dir='ltr'>communi</span> 
     </span>
     <span class='ocr_line' id='line_1_25' title="bbox 372 1346 2039 1417; baseline -0.006 -15"><span class='ocrx_word' id='word_1_176' title='bbox 372 1352 724 1417; x_wconf 84' lang='lat' dir='ltr'>interpretanda.</span> <span class='ocrx_word' id='word_1_177' title='bbox 754 1353 842 1399; x_wconf 85' lang='lat' dir='ltr'>Alii</span> <span class='ocrx_word' id='word_1_178' title='bbox 859 1369 954 1399; x_wconf 90' lang='lat' dir='ltr'>non</span> <span class='ocrx_word' id='word_1_179' title='bbox 969 1348 1183 1398; x_wconf 87' lang='lat' dir='ltr'>omnibus</span> <span class='ocrx_word' id='word_1_180' title='bbox 1195 1352 1255 1398; x_wconf 90' lang='lat' dir='ltr'>de</span> <span class='ocrx_word' id='word_1_181' title='bbox 1270 1351 1408 1399; x_wconf 87' lang='lat' dir='ltr'>caufis</span> <span class='ocrx_word' id='word_1_182' title='bbox 1426 1366 1585 1412; x_wconf 82' lang='lat' dir='ltr'>putant</span> <span class='ocrx_word' id='word_1_183' title='bbox 1600 1350 1752 1415; x_wconf 82' lang='lat' dir='ltr'>legato</span> <span class='ocrx_word' id='word_1_184' title='bbox 1772 1350 1863 1395; x_wconf 90' lang='lat' dir='ltr'>vim</span> <span class='ocrx_word' id='word_1_185' title='bbox 1881 1346 2039 1394; x_wconf 87' lang='lat' dir='ltr'>inferri</span> 
     </span>
     <span class='ocr_line' id='line_1_26' title="bbox 375 1409 2039 1481; baseline -0.005 -17"><span class='ocrx_word' id='word_1_186' title='bbox 375 1417 499 1481; x_wconf 83' lang='lat' dir='ltr'>posse</span> <span class='ocrx_word' id='word_1_187' title='bbox 517 1457 528 1474; x_wconf 80' lang='lat'>‚</span> <span class='ocrx_word' id='word_1_188' title='bbox 547 1416 627 1463; x_wconf 86' lang='lat' dir='ltr'>sed</span> <span class='ocrx_word' id='word_1_189' title='bbox 647 1419 712 1463; x_wconf 82' lang='lat' dir='ltr'>ita</span> <span class='ocrx_word' id='word_1_190' title='bbox 728 1415 914 1463; x_wconf 89' lang='lat' dir='ltr'>demum</span> <span class='ocrx_word' id='word_1_191' title='bbox 931 1415 960 1462; x_wconf 83' lang='lat' dir='ltr'>fi</span> <span class='ocrx_word' id='word_1_192' title='bbox 980 1418 1047 1473; x_wconf 80' lang='lat' dir='ltr'>jus</span> <span class='ocrx_word' id='word_1_193' title='bbox 1064 1417 1267 1476; x_wconf 87' lang='lat' dir='ltr'>gentium</span> <span class='ocrx_word' id='word_1_194' title='bbox 1287 1416 1344 1462; x_wconf 89' lang='lat' dir='ltr'>ab</span> <span class='ocrx_word' id='word_1_195' title='bbox 1361 1430 1418 1460; x_wconf 91' lang='lat' dir='ltr'>eo</span> <span class='ocrx_word' id='word_1_196' title='bbox 1432 1413 1579 1462; x_wconf 81' lang='lat' dir='ltr'>laesum</span> <span class='ocrx_word' id='word_1_197' title='bbox 1597 1413 1648 1460; x_wconf 83' lang='lat' dir='ltr'>fit</span> <span class='ocrx_word' id='word_1_198' title='bbox 1666 1451 1677 1468; x_wconf 89' lang='lat'>‚</span> <span class='ocrx_word' id='word_1_199' title='bbox 1695 1411 1820 1474; x_wconf 86' lang='lat' dir='ltr'>quod</span> <span class='ocrx_word' id='word_1_200' title='bbox 1834 1409 1934 1457; x_wconf 73' lang='lat' dir='ltr'>stitis</span> <span class='ocrx_word' id='word_1_201' title='bbox 1946 1410 2039 1456; x_wconf 81' lang='lat' dir='ltr'>late</span> 
     </span>
     <span class='ocr_line' id='line_1_27' title="bbox 372 1472 2039 1545; baseline -0.006 -18"><span class='ocrx_word' id='word_1_202' title='bbox 372 1496 500 1545; x_wconf 85' lang='lat' dir='ltr'>patet</span> <span class='ocrx_word' id='word_1_203' title='bbox 519 1496 646 1527; x_wconf 81' lang='lat' dir='ltr'>:nam</span> <span class='ocrx_word' id='word_1_204' title='bbox 663 1482 707 1525; x_wconf 90' lang='lat' dir='ltr'>in</span> <span class='ocrx_word' id='word_1_205' title='bbox 723 1482 817 1538; x_wconf 80' lang='lat' dir='ltr'>jure</span> <span class='ocrx_word' id='word_1_206' title='bbox 836 1480 1042 1526; x_wconf 70' lang='lat' dir='ltr'>‹rentium</span> <span class='ocrx_word' id='word_1_207' title='bbox 1057 1480 1124 1539; x_wconf 82' lang='lat' dir='ltr'>jus</span> <span class='ocrx_word' id='word_1_208' title='bbox 1148 1493 1312 1526; x_wconf 81' lang='lat' dir='ltr'>naturae</span> <span class='ocrx_word' id='word_1_209' title='bbox 1325 1476 1566 1524; x_wconf 86' lang='lat' dir='ltr'>includitur</span> <span class='ocrx_word' id='word_1_210' title='bbox 1582 1515 1592 1531; x_wconf 86' lang='lat'>‚</span> <span class='ocrx_word' id='word_1_211' title='bbox 1609 1477 1672 1521; x_wconf 83' lang='lat' dir='ltr'>ita</span> <span class='ocrx_word' id='word_1_212' title='bbox 1690 1490 1738 1521; x_wconf 91' lang='lat' dir='ltr'>ut</span> <span class='ocrx_word' id='word_1_213' title='bbox 1755 1490 1811 1519; x_wconf 82' lang='lat' dir='ltr'>ex</span> <span class='ocrx_word' id='word_1_214' title='bbox 1829 1472 2039 1519; x_wconf 88' lang='lat' dir='ltr'>omnibus</span> 
     </span>
     <span class='ocr_line' id='line_1_28' title="bbox 372 1518 2039 1607; baseline -0.005 -18"><span class='ocrx_word' id='word_1_215' title='bbox 372 1543 546 1590; x_wconf 60' lang='lat' dir='ltr'>delictis</span> <span class='ocrx_word' id='word_1_216' title='bbox 565 1542 711 1604; x_wconf 84' lang='lat' dir='ltr'>puniri</span> <span class='ocrx_word' id='word_1_217' title='bbox 735 1544 827 1602; x_wconf 84' lang='lat' dir='ltr'>jam</span> <span class='ocrx_word' id='word_1_218' title='bbox 836 1518 1019 1607; x_wconf 67' lang='lat' dir='ltr'>‘legatus</span> <span class='ocrx_word' id='word_1_219' title='bbox 1032 1540 1170 1604; x_wconf 83' lang='lat' dir='ltr'>poffit</span> <span class='ocrx_word' id='word_1_220' title='bbox 1184 1579 1194 1596; x_wconf 89' lang='lat'>,</span> <span class='ocrx_word' id='word_1_221' title='bbox 1214 1541 1291 1587; x_wconf 83' lang='lat' dir='ltr'>nisi</span> <span class='ocrx_word' id='word_1_222' title='bbox 1309 1557 1402 1603; x_wconf 79' lang='lat' dir='ltr'>quae</span> <span class='ocrx_word' id='word_1_223' title='bbox 1420 1558 1477 1586; x_wconf 85' lang='lat' dir='ltr'>cx</span> <span class='ocrx_word' id='word_1_224' title='bbox 1493 1555 1624 1585; x_wconf 89' lang='lat' dir='ltr'>mero</span> <span class='ocrx_word' id='word_1_225' title='bbox 1636 1541 1732 1598; x_wconf 82' lang='lat' dir='ltr'>jure</span> <span class='ocrx_word' id='word_1_226' title='bbox 1747 1536 1865 1583; x_wconf 80' lang='lat' dir='ltr'>civili</span> <span class='ocrx_word' id='word_1_227' title='bbox 1883 1537 2039 1582; x_wconf 87' lang='lat' dir='ltr'>oriun-</span> 
     </span>
     <span class='ocr_line' id='line_1_29' title="bbox 376 1599 2038 1669; baseline -0.007 -15"><span class='ocrx_word' id='word_1_228' title='bbox 376 1621 463 1654; x_wconf 84' lang='lat' dir='ltr'>tur.</span> <span class='ocrx_word' id='word_1_229' title='bbox 499 1604 786 1669; x_wconf 79' lang='lat' dir='ltr'>Restringunt</span> <span class='ocrx_word' id='word_1_230' title='bbox 816 1606 909 1652; x_wconf 89' lang='lat' dir='ltr'>hoc</span> <span class='ocrx_word' id='word_1_231' title='bbox 925 1605 999 1652; x_wconf 83' lang='lat' dir='ltr'>alii</span> <span class='ocrx_word' id='word_1_232' title='bbox 1021 1602 1082 1649; x_wconf 84' lang='lat' dir='ltr'>ad</span> <span class='ocrx_word' id='word_1_233' title='bbox 1108 1620 1160 1650; x_wconf 85' lang='lat' dir='ltr'>ea</span> <span class='ocrx_word' id='word_1_234' title='bbox 1179 1620 1273 1665; x_wconf 82' lang='lat' dir='ltr'>quae</span> <span class='ocrx_word' id='word_1_235' title='bbox 1290 1618 1451 1650; x_wconf 85' lang='lat' dir='ltr'>contra</span> <span class='ocrx_word' id='word_1_236' title='bbox 1463 1602 1626 1649; x_wconf 85' lang='lat' dir='ltr'>statum</span> <span class='ocrx_word' id='word_1_237' title='bbox 1653 1599 1900 1663; x_wconf 68' lang='lat' dir='ltr'>reipublicae</span> <span class='ocrx_word' id='word_1_238' title='bbox 1919 1637 1930 1655; x_wconf 93' lang='lat'>,</span> <span class='ocrx_word' id='word_1_239' title='bbox 1958 1612 2038 1644; x_wconf 84' lang='lat' dir='ltr'>aut</span> 
     </span>
     <span class='ocr_line' id='line_1_30' title="bbox 376 1659 2039 1732; baseline -0.006 -16"><span class='ocrx_word' id='word_1_240' title='bbox 376 1668 648 1732; x_wconf 86' lang='lat' dir='ltr'>dignitatem</span> <span class='ocrx_word' id='word_1_241' title='bbox 675 1670 772 1727; x_wconf 86' lang='lat' dir='ltr'>ejus</span> <span class='ocrx_word' id='word_1_242' title='bbox 788 1667 846 1713; x_wconf 88' lang='lat' dir='ltr'>ad</span> <span class='ocrx_word' id='word_1_243' title='bbox 878 1684 1013 1731; x_wconf 87' lang='lat' dir='ltr'>quem</span> <span class='ocrx_word' id='word_1_244' title='bbox 1031 1666 1204 1731; x_wconf 82' lang='lat' dir='ltr'>legatus</span> <span class='ocrx_word' id='word_1_245' title='bbox 1232 1669 1434 1713; x_wconf 81' lang='lat' dir='ltr'>mittitur</span> <span class='ocrx_word' id='word_1_246' title='bbox 1457 1667 1593 1714; x_wconf 82' lang='lat' dir='ltr'>fiunt:</span> <span class='ocrx_word' id='word_1_247' title='bbox 1627 1663 1752 1727; x_wconf 88' lang='lat' dir='ltr'>quod</span> <span class='ocrx_word' id='word_1_248' title='bbox 1784 1662 1924 1724; x_wconf 85' lang='lat' dir='ltr'>ipsum</span> <span class='ocrx_word' id='word_1_249' title='bbox 1940 1659 2039 1707; x_wconf 85' lang='lat' dir='ltr'>sunt</span> 
     </span>
     <span class='ocr_line' id='line_1_31' title="bbox 375 1722 2040 1795; baseline -0.005 -17"><span class='ocrx_word' id='word_1_250' title='bbox 375 1733 454 1795; x_wconf 89' lang='lat' dir='ltr'>qui</span> <span class='ocrx_word' id='word_1_251' title='bbox 467 1729 763 1794; x_wconf 83' lang='lat' dir='ltr'>periculosum</span> <span class='ocrx_word' id='word_1_252' title='bbox 776 1746 950 1794; x_wconf 77' lang='lat' dir='ltr'>putant,</span> <span class='ocrx_word' id='word_1_253' title='bbox 973 1731 1021 1775; x_wconf 91' lang='lat'>&amp;</span> <span class='ocrx_word' id='word_1_254' title='bbox 1040 1729 1244 1792; x_wconf 80' lang='lat' dir='ltr'>querelas</span> <span class='ocrx_word' id='word_1_255' title='bbox 1260 1728 1550 1792; x_wconf 79' lang='lat' dir='ltr'>exponendas</span> <span class='ocrx_word' id='word_1_256' title='bbox 1567 1728 1608 1774; x_wconf 84' lang='lat' dir='ltr'>ei</span> <span class='ocrx_word' id='word_1_257' title='bbox 1621 1729 1696 1789; x_wconf 90' lang='lat' dir='ltr'>qui</span> <span class='ocrx_word' id='word_1_258' title='bbox 1710 1725 1839 1775; x_wconf 71' lang='lat' dir='ltr'>misit,</span> <span class='ocrx_word' id='word_1_259' title='bbox 1858 1722 2040 1786; x_wconf 84' lang='lat' dir='ltr'>ejusque</span> 
     </span>
     <span class='ocr_line' id='line_1_32' title="bbox 376 1787 2041 1857; baseline -0.006 -14"><span class='ocrx_word' id='word_1_260' title='bbox 376 1795 567 1843; x_wconf 82' lang='lat' dir='ltr'>arbitrio</span> <span class='ocrx_word' id='word_1_261' title='bbox 584 1794 939 1857; x_wconf 85' lang='lat' dir='ltr'>permittendum</span> <span class='ocrx_word' id='word_1_262' title='bbox 959 1793 1177 1855; x_wconf 73' lang='lat' dir='ltr'>legatum,</span> <span class='ocrx_word' id='word_1_263' title='bbox 1193 1791 1309 1838; x_wconf 87' lang='lat' dir='ltr'>Sunt</span> <span class='ocrx_word' id='word_1_264' title='bbox 1324 1794 1371 1838; x_wconf 69' lang='grc' dir='ltr'>δε</span> <span class='ocrx_word' id='word_1_265' title='bbox 1389 1793 1462 1854; x_wconf 93' lang='lat' dir='ltr'>qui</span> <span class='ocrx_word' id='word_1_266' title='bbox 1481 1805 1637 1854; x_wconf 80' lang='lat' dir='ltr'>putant</span> <span class='ocrx_word' id='word_1_267' title='bbox 1655 1787 1950 1836; x_wconf 84' lang='lat' dir='ltr'>consulendos</span> <span class='ocrx_word' id='word_1_268' title='bbox 1967 1804 2041 1834; x_wconf 88' lang='lat' dir='ltr'>re·-</span> 
     </span>
     <span class='ocr_line' id='line_1_33' title="bbox 377 1849 2037 1922; baseline -0.004 -19"><span class='ocrx_word' id='word_1_269' title='bbox 377 1873 460 1922; x_wconf 84' lang='lat' dir='ltr'>ges</span> <span class='ocrx_word' id='word_1_270' title='bbox 475 1872 551 1903; x_wconf 90' lang='lat' dir='ltr'>aut</span> <span class='ocrx_word' id='word_1_271' title='bbox 566 1871 722 1920; x_wconf 83' lang='lat' dir='ltr'>gentes</span> <span class='ocrx_word' id='word_1_272' title='bbox 749 1872 943 1920; x_wconf 85' lang='lat' dir='ltr'>quarum</span> <span class='ocrx_word' id='word_1_273' title='bbox 961 1855 1069 1902; x_wconf 84' lang='lat' dir='ltr'>nihil</span> <span class='ocrx_word' id='word_1_274' title='bbox 1091 1855 1299 1904; x_wconf 85' lang='lat' dir='ltr'>interest:</span> <span class='ocrx_word' id='word_1_275' title='bbox 1335 1855 1462 1917; x_wconf 84' lang='lat' dir='ltr'>quod</span> <span class='ocrx_word' id='word_1_276' title='bbox 1494 1853 1739 1917; x_wconf 78' lang='lat' dir='ltr'>prudentiae</span> <span class='ocrx_word' id='word_1_277' title='bbox 1763 1850 1846 1898; x_wconf 84' lang='lat' dir='ltr'>effe</span> <span class='ocrx_word' id='word_1_278' title='bbox 1893 1849 2037 1907; x_wconf 86' lang='lat' dir='ltr'>otest,</span> 
     </span>
     <span class='ocr_line' id='line_1_34' title="bbox 382 1868 2040 1983; baseline -0.004 -17"><span class='ocrx_word' id='word_1_279' title='bbox 382 1920 494 1983; x_wconf 81' lang='lat' dir='ltr'>juris</span> <span class='ocrx_word' id='word_1_280' title='bbox 512 1935 601 1965; x_wconf 92' lang='lat' dir='ltr'>non</span> <span class='ocrx_word' id='word_1_281' title='bbox 618 1918 780 1983; x_wconf 87' lang='lat' dir='ltr'>potest.</span> <span class='ocrx_word' id='word_1_282' title='bbox 814 1919 1034 1966; x_wconf 79' lang='lat' dir='ltr'>Rationes</span> <span class='ocrx_word' id='word_1_283' title='bbox 1050 1935 1157 1981; x_wconf 84' lang='lat' dir='ltr'>quas</span> <span class='ocrx_word' id='word_1_284' title='bbox 1174 1934 1260 1982; x_wconf 90' lang='lat' dir='ltr'>pro</span> <span class='ocrx_word' id='word_1_285' title='bbox 1277 1917 1318 1964; x_wconf 90' lang='lat' dir='ltr'>se</span> <span class='ocrx_word' id='word_1_286' title='bbox 1334 1918 1516 1981; x_wconf 86' lang='lat' dir='ltr'>quisque</span> <span class='ocrx_word' id='word_1_287' title='bbox 1529 1916 1716 1963; x_wconf 82' lang='lat' dir='ltr'>afferunt</span> <span class='ocrx_word' id='word_1_288' title='bbox 1735 1913 1842 1962; x_wconf 87' lang='lat' dir='ltr'>nihil</span> <span class='ocrx_word' id='word_1_289' title='bbox 1858 1868 2040 1961; x_wconf 44' lang='lat' dir='ltr'>definite</span> 
     </span>
     <span class='ocr_line' id='line_1_35' title="bbox 380 1978 2041 2044; baseline -0.004 -14"><span class='ocrx_word' id='word_1_290' title='bbox 380 1981 686 2030; x_wconf 87' lang='lat' dir='ltr'>concludunt:</span> <span class='ocrx_word' id='word_1_291' title='bbox 718 1983 905 2044; x_wconf 80' lang='lat' dir='ltr'>quiajus</span> <span class='ocrx_word' id='word_1_292' title='bbox 923 1981 1012 2027; x_wconf 86' lang='lat' dir='ltr'>hoc</span> <span class='ocrx_word' id='word_1_293' title='bbox 1032 1997 1124 2027; x_wconf 89' lang='lat' dir='ltr'>non</span> <span class='ocrx_word' id='word_1_294' title='bbox 1141 1996 1191 2026; x_wconf 92' lang='lat' dir='ltr'>ut</span> <span class='ocrx_word' id='word_1_295' title='bbox 1218 1982 1291 2040; x_wconf 84' lang='lat' dir='ltr'>jus</span> <span class='ocrx_word' id='word_1_296' title='bbox 1322 1981 1523 2027; x_wconf 81' lang='lat' dir='ltr'>naturale</span> <span class='ocrx_word' id='word_1_297' title='bbox 1538 1997 1595 2028; x_wconf 80' lang='lat' dir='ltr'>ex</span> <span class='ocrx_word' id='word_1_298' title='bbox 1620 1980 1756 2025; x_wconf 87' lang='lat' dir='ltr'>certis</span> <span class='ocrx_word' id='word_1_299' title='bbox 1788 1978 2041 2024; x_wconf 84' lang='lat' dir='ltr'>rationibus</span> 
     </span>
     <span class='ocr_line' id='line_1_36' title="bbox 382 2040 2040 2106; baseline -0.005 -14"><span class='ocrx_word' id='word_1_300' title='bbox 382 2060 511 2093; x_wconf 86' lang='lat' dir='ltr'>certo</span> <span class='ocrx_word' id='word_1_301' title='bbox 530 2046 674 2091; x_wconf 89' lang='lat' dir='ltr'>oritur</span> <span class='ocrx_word' id='word_1_302' title='bbox 690 2084 702 2102; x_wconf 89' lang='lat'>,</span> <span class='ocrx_word' id='word_1_303' title='bbox 720 2045 795 2092; x_wconf 88' lang='lat' dir='ltr'>sed</span> <span class='ocrx_word' id='word_1_304' title='bbox 811 2061 870 2091; x_wconf 82' lang='lat' dir='ltr'>ex</span> <span class='ocrx_word' id='word_1_305' title='bbox 889 2045 1123 2091; x_wconf 85' lang='lat' dir='ltr'>voluntate</span> <span class='ocrx_word' id='word_1_306' title='bbox 1145 2045 1344 2106; x_wconf 79' lang='lat' dir='ltr'>gentium</span> <span class='ocrx_word' id='word_1_307' title='bbox 1362 2043 1555 2090; x_wconf 88' lang='lat' dir='ltr'>modum</span> <span class='ocrx_word' id='word_1_308' title='bbox 1574 2043 1751 2104; x_wconf 87' lang='lat' dir='ltr'>accipit.</span> <span class='ocrx_word' id='word_1_309' title='bbox 1786 2040 2040 2087; x_wconf 79' lang='lat' dir='ltr'>Potuerunt</span> 
     </span>
     <span class='ocr_line' id='line_1_37' title="bbox 381 2104 2042 2172; baseline -0.005 -16"><span class='ocrx_word' id='word_1_310' title='bbox 381 2122 534 2156; x_wconf 84' lang='lat' dir='ltr'>autem</span> <span class='ocrx_word' id='word_1_311' title='bbox 552 2123 706 2172; x_wconf 84' lang='lat' dir='ltr'>gentes</span> <span class='ocrx_word' id='word_1_312' title='bbox 724 2144 735 2158; x_wconf 91' lang='lat'><em>,</em></span> <span class='ocrx_word' id='word_1_313' title='bbox 750 2123 826 2155; x_wconf 87' lang='lat' dir='ltr'>aut</span> <span class='ocrx_word' id='word_1_314' title='bbox 842 2109 1032 2155; x_wconf 85' lang='lat' dir='ltr'>omnino</span> <span class='ocrx_word' id='word_1_315' title='bbox 1048 2122 1208 2153; x_wconf 87' lang='lat' dir='ltr'>cavere</span> <span class='ocrx_word' id='word_1_316' title='bbox 1223 2107 1384 2170; x_wconf 81' lang='lat' dir='ltr'>legatis</span> <span class='ocrx_word' id='word_1_317' title='bbox 1402 2145 1414 2163; x_wconf 85' lang='lat'>‚</span> <span class='ocrx_word' id='word_1_318' title='bbox 1447 2121 1522 2152; x_wconf 88' lang='lat' dir='ltr'>aur</span> <span class='ocrx_word' id='word_1_319' title='bbox 1538 2122 1641 2153; x_wconf 92' lang='lat' dir='ltr'>cum</span> <span class='ocrx_word' id='word_1_320' title='bbox 1655 2106 1790 2152; x_wconf 84' lang='lat' dir='ltr'>certis</span> <span class='ocrx_word' id='word_1_321' title='bbox 1806 2104 2042 2166; x_wconf 83' lang='lat' dir='ltr'>exceptio-</span> 
     </span>
     <span class='ocr_line' id='line_1_38' title="bbox 379 2165 2042 2233; baseline -0.005 -14"><span class='ocrx_word' id='word_1_322' title='bbox 379 2171 528 2219; x_wconf 86' lang='lat' dir='ltr'>nibus.</span> <span class='ocrx_word' id='word_1_323' title='bbox 563 2187 666 2217; x_wconf 89' lang='lat' dir='ltr'>nam</span> <span class='ocrx_word' id='word_1_324' title='bbox 682 2172 729 2216; x_wconf 71' lang='grc' dir='ltr'>δι</span> <span class='ocrx_word' id='word_1_325' title='bbox 746 2170 850 2218; x_wconf 91' lang='lat' dir='ltr'>hinc</span> <span class='ocrx_word' id='word_1_326' title='bbox 865 2170 1039 2218; x_wconf 85' lang='lat' dir='ltr'>utilitas</span> <span class='ocrx_word' id='word_1_327' title='bbox 1054 2170 1134 2216; x_wconf 89' lang='lat' dir='ltr'>stat</span> <span class='ocrx_word' id='word_1_328' title='bbox 1151 2185 1289 2230; x_wconf 82' lang='lat' dir='ltr'>poenae</span> <span class='ocrx_word' id='word_1_329' title='bbox 1306 2170 1352 2216; x_wconf 90' lang='lat' dir='ltr'>in</span> <span class='ocrx_word' id='word_1_330' title='bbox 1366 2170 1523 2233; x_wconf 82' lang='lat' dir='ltr'>gravia</span> <span class='ocrx_word' id='word_1_331' title='bbox 1539 2169 1860 2230; x_wconf 85' lang='lat' dir='ltr'>delinquentes,</span> <span class='ocrx_word' id='word_1_332' title='bbox 1878 2165 2042 2212; x_wconf 86' lang='lat' dir='ltr'>&amp;inde</span> 
     </span>
     <span class='ocr_line' id='line_1_39' title="bbox 379 2230 2042 2297; baseline -0.005 -16"><span class='ocrx_word' id='word_1_333' title='bbox 379 2234 551 2281; x_wconf 85' lang='lat' dir='ltr'>utilitas</span> <span class='ocrx_word' id='word_1_334' title='bbox 563 2234 847 2297; x_wconf 86' lang='lat' dir='ltr'>legationum</span> <span class='ocrx_word' id='word_1_335' title='bbox 867 2272 878 2290; x_wconf 82' lang='lat'>‚</span> <span class='ocrx_word' id='word_1_336' title='bbox 898 2248 1088 2296; x_wconf 87' lang='lat' dir='ltr'>quarum</span> <span class='ocrx_word' id='word_1_337' title='bbox 1103 2231 1428 2278; x_wconf 86' lang='lat' dir='ltr'>mittendarum</span> <span class='ocrx_word' id='word_1_338' title='bbox 1446 2230 1634 2278; x_wconf 85' lang='lat' dir='ltr'>facilitas</span> <span class='ocrx_word' id='word_1_339' title='bbox 1650 2230 1885 2278; x_wconf 85' lang='lat' dir='ltr'>securitate</span> <span class='ocrx_word' id='word_1_340' title='bbox 1901 2244 2042 2290; x_wconf 86' lang='lat' dir='ltr'>quan-</span> 
     </span>
     <span class='ocr_line' id='line_1_40' title="bbox 379 2293 2042 2360; baseline -0.004 -16"><span class='ocrx_word' id='word_1_341' title='bbox 379 2311 428 2344; x_wconf 90' lang='lat' dir='ltr'>ta</span> <span class='ocrx_word' id='word_1_342' title='bbox 442 2297 585 2360; x_wconf 84' lang='lat' dir='ltr'>potest</span> <span class='ocrx_word' id='word_1_343' title='bbox 598 2296 681 2343; x_wconf 85' lang='lat' dir='ltr'>effe</span> <span class='ocrx_word' id='word_1_344' title='bbox 696 2298 897 2344; x_wconf 83' lang='lat' dir='ltr'>maxima</span> <span class='ocrx_word' id='word_1_345' title='bbox 920 2297 1096 2358; x_wconf 88' lang='lat' dir='ltr'>optime</span> <span class='ocrx_word' id='word_1_346' title='bbox 1122 2310 1442 2357; x_wconf 87' lang='lat' dir='ltr'>promovetur.</span> <span class='ocrx_word' id='word_1_347' title='bbox 1479 2293 1777 2354; x_wconf 62' lang='lat' dir='ltr'>Spectandum</span> <span class='ocrx_word' id='word_1_348' title='bbox 1793 2307 1907 2355; x_wconf 86' lang='lat' dir='ltr'>ergo</span> <span class='ocrx_word' id='word_1_349' title='bbox 1924 2306 2042 2353; x_wconf 79' lang='lat' dir='ltr'>quo-</span> 
     </span>
     <span class='ocr_line' id='line_1_41' title="bbox 382 2357 2043 2422; baseline -0.004 -17"><span class='ocrx_word' id='word_1_350' title='bbox 382 2359 441 2405; x_wconf 73' lang='lat' dir='ltr'>us</span> <span class='ocrx_word' id='word_1_351' title='bbox 464 2374 520 2405; x_wconf 86' lang='lat' dir='ltr'>ue</span> <span class='ocrx_word' id='word_1_352' title='bbox 532 2373 689 2422; x_wconf 72' lang='lat' dir='ltr'>gentes</span> <span class='ocrx_word' id='word_1_353' title='bbox 700 2359 1024 2407; x_wconf 87' lang='lat' dir='ltr'>consenserint:</span> <span class='ocrx_word' id='word_1_354' title='bbox 1055 2357 1185 2420; x_wconf 87' lang='lat' dir='ltr'>quod</span> <span class='ocrx_word' id='word_1_355' title='bbox 1216 2373 1274 2403; x_wconf 76' lang='lat' dir='ltr'>ex</span> <span class='ocrx_word' id='word_1_356' title='bbox 1306 2357 1410 2405; x_wconf 87' lang='lat' dir='ltr'>solis</span> <span class='ocrx_word' id='word_1_357' title='bbox 1425 2358 1641 2421; x_wconf 81' lang='lat' dir='ltr'>exemplis</span> <span class='ocrx_word' id='word_1_358' title='bbox 1668 2358 1815 2404; x_wconf 88' lang='lat' dir='ltr'>evinci</span> <span class='ocrx_word' id='word_1_359' title='bbox 1847 2370 1939 2402; x_wconf 87' lang='lat' dir='ltr'>nou</span> <span class='ocrx_word' id='word_1_360' title='bbox 1954 2369 2043 2417; x_wconf 91' lang='lat' dir='ltr'>po-</span> 
     </span>
     <span class='ocr_line' id='line_1_42' title="bbox 381 2418 2042 2483; baseline -0.004 -15"><span class='ocrx_word' id='word_1_361' title='bbox 381 2435 428 2468; x_wconf 86' lang='lat' dir='ltr'>te</span> <span class='ocrx_word' id='word_1_362' title='bbox 469 2456 481 2468; x_wconf 91' lang='lat'>.</span> <span class='ocrx_word' id='word_1_363' title='bbox 521 2421 707 2469; x_wconf 86' lang='lat' dir='ltr'>Exstant</span> <span class='ocrx_word' id='word_1_364' title='bbox 723 2423 843 2468; x_wconf 89' lang='lat' dir='ltr'>enim</span> <span class='ocrx_word' id='word_1_365' title='bbox 859 2421 961 2469; x_wconf 87' lang='lat' dir='ltr'>satis</span> <span class='ocrx_word' id='word_1_366' title='bbox 977 2421 1123 2467; x_wconf 88' lang='lat' dir='ltr'>multa</span> <span class='ocrx_word' id='word_1_367' title='bbox 1150 2422 1194 2467; x_wconf 89' lang='lat' dir='ltr'>in</span> <span class='ocrx_word' id='word_1_368' title='bbox 1212 2434 1388 2483; x_wconf 89' lang='lat' dir='ltr'>partem</span> <span class='ocrx_word' id='word_1_369' title='bbox 1409 2435 1662 2480; x_wconf 81' lang='lat' dir='ltr'>utramque.</span> <span class='ocrx_word' id='word_1_370' title='bbox 1696 2418 2042 2466; x_wconf 84' lang='lat' dir='ltr'>Recurrendum</span> 
     </span>
     <span class='ocr_line' id='line_1_43' title="bbox 379 2480 2043 2548; baseline -0.004 -17"><span class='ocrx_word' id='word_1_371' title='bbox 379 2484 518 2548; x_wconf 85' lang='lat' dir='ltr'>igitur</span> <span class='ocrx_word' id='word_1_372' title='bbox 535 2499 633 2532; x_wconf 92' lang='lat' dir='ltr'>tum</span> <span class='ocrx_word' id='word_1_373' title='bbox 651 2484 707 2531; x_wconf 89' lang='lat' dir='ltr'>ad</span> <span class='ocrx_word' id='word_1_374' title='bbox 724 2484 975 2547; x_wconf 84' lang='lat' dir='ltr'>sapientum</span> <span class='ocrx_word' id='word_1_375' title='bbox 992 2483 1160 2544; x_wconf 87' lang='lat' dir='ltr'>judicia</span> <span class='ocrx_word' id='word_1_376' title='bbox 1177 2521 1189 2539; x_wconf 93' lang='lat'>‚</span> <span class='ocrx_word' id='word_1_377' title='bbox 1222 2498 1320 2530; x_wconf 89' lang='lat' dir='ltr'>tum</span> <span class='ocrx_word' id='word_1_378' title='bbox 1347 2483 1405 2529; x_wconf 85' lang='lat' dir='ltr'>ad</span> <span class='ocrx_word' id='word_1_379' title='bbox 1422 2482 1714 2542; x_wconf 61' lang='lat' dir='ltr'>conjecluras.</span> <span class='ocrx_word' id='word_1_380' title='bbox 1750 2481 1918 2529; x_wconf 87' lang='lat' dir='ltr'>Iudicia</span> <span class='ocrx_word' id='word_1_381' title='bbox 1944 2480 2043 2526; x_wconf 90' lang='lat' dir='ltr'>duo</span> 
     </span>
     <span class='ocr_line' id='line_1_44' title="bbox 379 2544 2045 2605; baseline -0.002 -12"><span class='ocrx_word' id='word_1_382' title='bbox 379 2546 530 2593; x_wconf 85' lang='lat' dir='ltr'>habeo</span> <span class='ocrx_word' id='word_1_383' title='bbox 546 2549 747 2595; x_wconf 84' lang='lat' dir='ltr'>maxime</span> <span class='ocrx_word' id='word_1_384' title='bbox 764 2548 976 2605; x_wconf 82' lang='lat' dir='ltr'>illustria3</span> <span class='ocrx_word' id='word_1_385' title='bbox 994 2545 1112 2594; x_wconf 85' lang='lat' dir='ltr'>Livii</span> <span class='ocrx_word' id='word_1_386' title='bbox 1129 2546 1320 2594; x_wconf 88' lang='lat' dir='ltr'>alterum</span> <span class='ocrx_word' id='word_1_387' title='bbox 1336 2583 1348 2601; x_wconf 86' lang='lat'>‚</span> <span class='ocrx_word' id='word_1_388' title='bbox 1366 2544 1556 2592; x_wconf 85' lang='lat' dir='ltr'>alterum</span> <span class='ocrx_word' id='word_1_389' title='bbox 1575 2544 1780 2592; x_wconf 85' lang='lat' dir='ltr'>Sallustii.</span> <span class='ocrx_word' id='word_1_390' title='bbox 1816 2544 1935 2592; x_wconf 81' lang='lat' dir='ltr'>Livii</span> <span class='ocrx_word' id='word_1_391' title='bbox 1951 2544 2045 2590; x_wconf 88' lang='lat' dir='ltr'>hoc</span> 
     </span>
     <span class='ocr_line' id='line_1_45' title="bbox 379 2606 2046 2675; baseline -0.002 -21"><span class='ocrx_word' id='word_1_392' title='bbox 379 2609 442 2655; x_wconf 88' lang='lat' dir='ltr'>est</span> <span class='ocrx_word' id='word_1_393' title='bbox 460 2610 518 2655; x_wconf 86' lang='lat' dir='ltr'>de</span> <span class='ocrx_word' id='word_1_394' title='bbox 536 2611 695 2675; x_wconf 81' lang='lat' dir='ltr'>legatis</span> <span class='ocrx_word' id='word_1_395' title='bbox 707 2610 945 2673; x_wconf 87' lang='lat' dir='ltr'>Tarquinii</span> <span class='ocrx_word' id='word_1_396' title='bbox 964 2611 1041 2672; x_wconf 92' lang='lat' dir='ltr'>qui</span> <span class='ocrx_word' id='word_1_397' title='bbox 1055 2609 1363 2671; x_wconf 88' lang='lat' dir='ltr'>proditionem</span> <span class='ocrx_word' id='word_1_398' title='bbox 1377 2609 1713 2657; x_wconf 79' lang='lat' dir='ltr'>concitaverant</span> <span class='ocrx_word' id='word_1_399' title='bbox 1723 2606 2046 2670; x_wconf 69' lang='lat' dir='ltr'>Romae:Qan-</span> 
     </span>
     <span class='ocr_line' id='line_1_46' title="bbox 382 2671 2040 2779; baseline -0.003 -61"><span class='ocrx_word' id='word_1_400' title='bbox 382 2691 503 2779; x_wconf 49' lang='lat' dir='ltr'>zuam</span> <span class='ocrx_word' id='word_1_401' title='bbox 523 2676 599 2734; x_wconf 71' lang='lat' dir='ltr'>vast</span> <span class='ocrx_word' id='word_1_402' title='bbox 612 2678 710 2735; x_wconf 85' lang='lat' dir='ltr'>sunt</span> <span class='ocrx_word' id='word_1_403' title='bbox 743 2674 952 2733; x_wconf 69' lang='lat' dir='ltr'>cpmmififfi’</span> <span class='ocrx_word' id='word_1_404' title='bbox 968 2689 1013 2717; x_wconf 85' lang='lat' dir='ltr'>ut</span> <span class='ocrx_word' id='word_1_405' title='bbox 1031 2675 1191 2727; x_wconf 74' lang='lat' dir='ltr'>hostium</span> <span class='ocrx_word' id='word_1_406' title='bbox 1206 2675 1279 2716; x_wconf 80' lang='lat' dir='ltr'>loco</span> <span class='ocrx_word' id='word_1_407' title='bbox 1304 2676 1413 2733; x_wconf 67' lang='lat' dir='ltr'>ffnt</span> <span class='ocrx_word' id='word_1_408' title='bbox 1431 2709 1442 2729; x_wconf 90' lang='lat'>,</span> <span class='ocrx_word' id='word_1_409' title='bbox 1469 2671 1538 2726; x_wconf 66' lang='lat' dir='ltr'>jus</span> <span class='ocrx_word' id='word_1_410' title='bbox 1560 2690 1689 2719; x_wconf 79' lang='lat' dir='ltr'>tamen</span> <span class='ocrx_word' id='word_1_411' title='bbox 1700 2678 1877 2732; x_wconf 83' lang='lat' dir='ltr'>gentium</span> <span class='ocrx_word' id='word_1_412' title='bbox 1894 2672 2040 2716; x_wconf 76' lang='lat' dir='ltr'>valuit.</span> 
     </span>
    </p>

    <p class='ocr_par' dir='ltr' id='par_1_9' title="bbox 380 2728 2048 3308">
     <span class='ocr_line' id='line_1_47' title="bbox 428 2728 2045 2798; baseline -0.001 -19"><span class='ocrx_word' id='word_1_413' title='bbox 428 2733 604 2783; x_wconf 88' lang='lat' dir='ltr'>idemus</span> <span class='ocrx_word' id='word_1_414' title='bbox 622 2736 697 2781; x_wconf 89' lang='lat' dir='ltr'>hic</span> <span class='ocrx_word' id='word_1_415' title='bbox 717 2737 855 2782; x_wconf 89' lang='lat' dir='ltr'>etiam</span> <span class='ocrx_word' id='word_1_416' title='bbox 875 2735 934 2782; x_wconf 88' lang='lat' dir='ltr'>ad</span> <span class='ocrx_word' id='word_1_417' title='bbox 951 2749 1035 2780; x_wconf 87' lang='lat' dir='ltr'>eos</span> <span class='ocrx_word' id='word_1_418' title='bbox 1067 2736 1141 2794; x_wconf 90' lang='lat' dir='ltr'>qui</span> <span class='ocrx_word' id='word_1_419' title='bbox 1162 2732 1332 2780; x_wconf 88' lang='lat' dir='ltr'>hostilia</span> <span class='ocrx_word' id='word_1_420' title='bbox 1378 2748 1520 2781; x_wconf 87' lang='lat' dir='ltr'>atrant</span> <span class='ocrx_word' id='word_1_421' title='bbox 1536 2737 1606 2795; x_wconf 92' lang='lat' dir='ltr'>jus</span> <span class='ocrx_word' id='word_1_422' title='bbox 1622 2734 1825 2798; x_wconf 86' lang='lat' dir='ltr'>gentium</span> <span class='ocrx_word' id='word_1_423' title='bbox 1840 2728 2045 2778; x_wconf 84' lang='lat' dir='ltr'>extendi.</span> 
     </span>
     <span class='ocr_line' id='line_1_48' title="bbox 381 2794 2045 2860; baseline -0.003 -18"><span class='ocrx_word' id='word_1_424' title='bbox 381 2794 569 2844; x_wconf 86' lang='lat' dir='ltr'>Sallustii</span> <span class='ocrx_word' id='word_1_425' title='bbox 587 2796 757 2845; x_wconf 64' lang='lat' dir='ltr'>distum</span> <span class='ocrx_word' id='word_1_426' title='bbox 778 2797 836 2845; x_wconf 87' lang='lat' dir='ltr'>ad</span> <span class='ocrx_word' id='word_1_427' title='bbox 856 2798 1052 2844; x_wconf 88' lang='lat' dir='ltr'>comites</span> <span class='ocrx_word' id='word_1_428' title='bbox 1069 2796 1321 2860; x_wconf 78' lang='lat' dir='ltr'>legationis,</span> <span class='ocrx_word' id='word_1_429' title='bbox 1372 2812 1399 2842; x_wconf 90' lang='lat' dir='ltr'>e</span> <span class='ocrx_word' id='word_1_430' title='bbox 1411 2797 1569 2860; x_wconf 88' lang='lat' dir='ltr'>quibus</span> <span class='ocrx_word' id='word_1_431' title='bbox 1586 2812 1699 2842; x_wconf 83' lang='lat' dir='ltr'>mox</span> <span class='ocrx_word' id='word_1_432' title='bbox 1715 2795 1936 2843; x_wconf 80' lang='lat' dir='ltr'>dicemus.</span> <span class='ocrx_word' id='word_1_433' title='bbox 1950 2808 2045 2838; x_wconf 84' lang='lat' dir='ltr'>non</span> 
     </span>
     <span class='ocr_line' id='line_1_49' title="bbox 382 2853 2045 2922; baseline -0.002 -17"><span class='ocrx_word' id='word_1_434' title='bbox 382 2858 442 2905; x_wconf 84' lang='lat' dir='ltr'>ad</span> <span class='ocrx_word' id='word_1_435' title='bbox 461 2859 633 2922; x_wconf 80' lang='lat' dir='ltr'>legatos</span> <span class='ocrx_word' id='word_1_436' title='bbox 650 2859 771 2920; x_wconf 86' lang='lat' dir='ltr'>ipsos</span> <span class='ocrx_word' id='word_1_437' title='bbox 796 2861 993 2921; x_wconf 81' lang='lat' dir='ltr'>pertinet</span> <span class='ocrx_word' id='word_1_438' title='bbox 1013 2876 1024 2908; x_wconf 88' lang='lat'>:</span> <span class='ocrx_word' id='word_1_439' title='bbox 1043 2859 1119 2906; x_wconf 84' lang='lat' dir='ltr'>sed</span> <span class='ocrx_word' id='word_1_440' title='bbox 1140 2858 1257 2907; x_wconf 66' lang='lat' dir='ltr'>reste</span> <span class='ocrx_word' id='word_1_441' title='bbox 1275 2863 1302 2905; x_wconf 78' lang='lat' dir='ltr'>a</span> <span class='ocrx_word' id='word_1_442' title='bbox 1316 2860 1479 2918; x_wconf 87' lang='lat' dir='ltr'>majori</span> <span class='ocrx_word' id='word_1_443' title='bbox 1497 2898 1508 2917; x_wconf 87' lang='lat'>‚</span> <span class='ocrx_word' id='word_1_444' title='bbox 1533 2859 1581 2906; x_wconf 88' lang='lat' dir='ltr'>id</span> <span class='ocrx_word' id='word_1_445' title='bbox 1597 2859 1658 2905; x_wconf 88' lang='lat' dir='ltr'>est</span> <span class='ocrx_word' id='word_1_446' title='bbox 1675 2859 1825 2905; x_wconf 86' lang='lat' dir='ltr'>minus</span> <span class='ocrx_word' id='word_1_447' title='bbox 1839 2853 2045 2904; x_wconf 88' lang='lat' dir='ltr'>credibili</span> 
     </span>
     <span class='ocr_line' id='line_1_50' title="bbox 384 2919 2042 2988; baseline -0.001 -21"><span class='ocrx_word' id='word_1_448' title='bbox 384 2922 442 2967; x_wconf 82' lang='lat' dir='ltr'>ad</span> <span class='ocrx_word' id='word_1_449' title='bbox 460 2926 618 2980; x_wconf 86' lang='lat' dir='ltr'>minus,</span> <span class='ocrx_word' id='word_1_450' title='bbox 638 2923 688 2969; x_wconf 90' lang='lat' dir='ltr'>id</span> <span class='ocrx_word' id='word_1_451' title='bbox 705 2923 766 2970; x_wconf 86' lang='lat' dir='ltr'>est</span> <span class='ocrx_word' id='word_1_452' title='bbox 793 2924 938 2988; x_wconf 79' lang='lat' dir='ltr'>magis</span> <span class='ocrx_word' id='word_1_453' title='bbox 954 2921 1171 2968; x_wconf 87' lang='lat' dir='ltr'>credibile</span> <span class='ocrx_word' id='word_1_454' title='bbox 1188 2920 1408 2982; x_wconf 87' lang='lat' dir='ltr'>procedet</span> <span class='ocrx_word' id='word_1_455' title='bbox 1425 2922 1778 2986; x_wconf 83' lang='lat' dir='ltr'>argumentatio.</span> <span class='ocrx_word' id='word_1_456' title='bbox 1811 2921 1853 2968; x_wconf 80' lang='lat' dir='ltr'>Is</span> <span class='ocrx_word' id='word_1_457' title='bbox 1869 2921 1932 2966; x_wconf 85' lang='lat' dir='ltr'>ita</span> <span class='ocrx_word' id='word_1_458' title='bbox 1946 2919 2009 2965; x_wconf 89' lang='lat' dir='ltr'>ait</span> <span class='ocrx_word' id='word_1_459' title='bbox 2027 2932 2042 2966; x_wconf 70' lang='grc' dir='ltr'>ε</span> 
     </span>
     <span class='ocr_line' id='line_1_51' title="bbox 382 2986 2046 3049; baseline -0.003 -19"><span class='ocrx_word' id='word_1_460' title='bbox 382 2991 443 3030; x_wconf 80' lang='lat' dir='ltr'>Fit</span> <span class='ocrx_word' id='word_1_461' title='bbox 461 3005 548 3031; x_wconf 77' lang='lat' dir='ltr'>reus</span> <span class='ocrx_word' id='word_1_462' title='bbox 560 2992 679 3045; x_wconf 72' lang='lat' dir='ltr'>magis</span> <span class='ocrx_word' id='word_1_463' title='bbox 709 3005 754 3031; x_wconf 83' lang='lat' dir='ltr'>ex</span> <span class='ocrx_word' id='word_1_464' title='bbox 778 3006 874 3049; x_wconf 72' lang='lat' dir='ltr'>aquo</span> <span class='ocrx_word' id='word_1_465' title='bbox 891 2988 1054 3047; x_wconf 82' lang='lat' dir='ltr'>bonoque</span> <span class='ocrx_word' id='word_1_466' title='bbox 1070 3023 1081 3041; x_wconf 94' lang='lat'>,</span> <span class='ocrx_word' id='word_1_467' title='bbox 1138 3003 1232 3030; x_wconf 84' lang='lat' dir='ltr'>uam</span> <span class='ocrx_word' id='word_1_468' title='bbox 1248 3004 1293 3031; x_wconf 82' lang='lat' dir='ltr'>ex</span> <span class='ocrx_word' id='word_1_469' title='bbox 1309 2988 1400 3043; x_wconf 81' lang='lat' dir='ltr'>jure</span> <span class='ocrx_word' id='word_1_470' title='bbox 1413 2992 1585 3046; x_wconf 79' lang='lat' dir='ltr'>gentium</span> <span class='ocrx_word' id='word_1_471' title='bbox 1605 2987 1794 3031; x_wconf 84' lang='lat' dir='ltr'>Bomilcar</span> <span class='ocrx_word' id='word_1_472' title='bbox 1821 3000 1936 3030; x_wconf 83' lang='lat' dir='ltr'>comes</span> <span class='ocrx_word' id='word_1_473' title='bbox 1967 2986 2046 3041; x_wconf 77' lang='lat' dir='ltr'>ejus</span> 
     </span>
     <span class='ocr_line' id='line_1_52' title="bbox 381 3006 2044 3109; baseline -0.004 -16"><span class='ocrx_word' id='word_1_474' title='bbox 381 3053 449 3107; x_wconf 82' lang='lat' dir='ltr'>qui</span> <span class='ocrx_word' id='word_1_475' title='bbox 477 3056 639 3093; x_wconf 84' lang='lat' dir='ltr'>Romam</span> <span class='ocrx_word' id='word_1_476' title='bbox 646 3050 728 3104; x_wconf 86' lang='lat' dir='ltr'>fide</span> <span class='ocrx_word' id='word_1_477' title='bbox 740 3052 892 3109; x_wconf 72' lang='lat' dir='ltr'>publica</span> <span class='ocrx_word' id='word_1_478' title='bbox 907 3065 1084 3094; x_wconf 77' lang='lat' dir='ltr'>venerat·</span> <span class='ocrx_word' id='word_1_479' title='bbox 1111 3006 1302 3094; x_wconf 58' lang='lat' dir='ltr'>330num</span> <span class='ocrx_word' id='word_1_480' title='bbox 1332 3048 1379 3092; x_wconf 76' lang='grc' dir='ltr'>δε</span> <span class='ocrx_word' id='word_1_481' title='bbox 1397 3063 1569 3109; x_wconf 83' lang='lat' dir='ltr'>aequum</span> <span class='ocrx_word' id='word_1_482' title='bbox 1587 3085 1599 3102; x_wconf 87' lang='lat'>‚</span> <span class='ocrx_word' id='word_1_483' title='bbox 1629 3046 1677 3093; x_wconf 89' lang='lat' dir='ltr'>id</span> <span class='ocrx_word' id='word_1_484' title='bbox 1695 3046 1755 3093; x_wconf 87' lang='lat' dir='ltr'>est</span> <span class='ocrx_word' id='word_1_485' title='bbox 1769 3059 1947 3093; x_wconf 89' lang='lat' dir='ltr'>merum</span> <span class='ocrx_word' id='word_1_486' title='bbox 1966 3057 2044 3087; x_wconf 83' lang='lat' dir='ltr'>na-</span> 
     </span>
     <span class='ocr_line' id='line_1_53' title="bbox 381 3104 2048 3173; baseline 0 -21"><span class='ocrx_word' id='word_1_487' title='bbox 381 3121 487 3154; x_wconf 80' lang='lat' dir='ltr'>turae</span> <span class='ocrx_word' id='word_1_488' title='bbox 517 3112 584 3169; x_wconf 84' lang='lat' dir='ltr'>jus</span> <span class='ocrx_word' id='word_1_489' title='bbox 616 3111 785 3170; x_wconf 81' lang='lat' dir='ltr'>patitur</span> <span class='ocrx_word' id='word_1_490' title='bbox 817 3126 972 3173; x_wconf 84' lang='lat' dir='ltr'>poenas</span> <span class='ocrx_word' id='word_1_491' title='bbox 1003 3111 1125 3172; x_wconf 77' lang='lat' dir='ltr'>exigi</span> <span class='ocrx_word' id='word_1_492' title='bbox 1157 3108 1234 3156; x_wconf 90' lang='lat' dir='ltr'>ubi</span> <span class='ocrx_word' id='word_1_493' title='bbox 1268 3111 1488 3172; x_wconf 85' lang='lat' dir='ltr'>reperitur</span> <span class='ocrx_word' id='word_1_494' title='bbox 1515 3111 1589 3171; x_wconf 90' lang='lat' dir='ltr'>qui</span> <span class='ocrx_word' id='word_1_495' title='bbox 1621 3108 1812 3172; x_wconf 90' lang='lat' dir='ltr'>deliquit</span> <span class='ocrx_word' id='word_1_496' title='bbox 1845 3124 1856 3156; x_wconf 89' lang='lat'>:</span> <span class='ocrx_word' id='word_1_497' title='bbox 1900 3119 1948 3152; x_wconf 87' lang='lat' dir='ltr'>at</span> <span class='ocrx_word' id='word_1_498' title='bbox 1976 3104 2048 3162; x_wconf 78' lang='lat' dir='ltr'>jus</span> 
     </span>
     <span class='ocr_line' id='line_1_54' title="bbox 380 3166 2046 3242; baseline 0 -29"><span class='ocrx_word' id='word_1_499' title='bbox 380 3173 583 3232; x_wconf 82' lang='lat' dir='ltr'>gentium</span> <span class='ocrx_word' id='word_1_500' title='bbox 619 3173 794 3242; x_wconf 80' lang='lat' dir='ltr'>legatos</span> <span class='ocrx_word' id='word_1_501' title='bbox 814 3211 825 3228; x_wconf 90' lang='lat'>,</span> <span class='ocrx_word' id='word_1_502' title='bbox 856 3175 906 3218; x_wconf 73' lang='grc' dir='ltr'>δε</span> <span class='ocrx_word' id='word_1_503' title='bbox 936 3174 1013 3233; x_wconf 90' lang='lat' dir='ltr'>qui</span> <span class='ocrx_word' id='word_1_504' title='bbox 1048 3173 1116 3219; x_wconf 87' lang='lat' dir='ltr'>his</span> <span class='ocrx_word' id='word_1_505' title='bbox 1147 3171 1309 3218; x_wconf 77' lang='lat' dir='ltr'>fimilcs</span> <span class='ocrx_word' id='word_1_506' title='bbox 1343 3171 1431 3218; x_wconf 82' lang='lat' dir='ltr'>fide</span> <span class='ocrx_word' id='word_1_507' title='bbox 1457 3172 1636 3235; x_wconf 86' lang='lat' dir='ltr'>publica</span> <span class='ocrx_word' id='word_1_508' title='bbox 1654 3172 1840 3218; x_wconf 84' lang='lat' dir='ltr'>veniunt</span> <span class='ocrx_word' id='word_1_509' title='bbox 1856 3166 2046 3227; x_wconf 71' lang='lat' dir='ltr'>excipit.</span> 
     </span>
     <span class='ocr_line' id='line_1_55' title="bbox 383 3227 2044 3308; baseline -0.004 -30"><span class='ocrx_word' id='word_1_510' title='bbox 383 3234 537 3294; x_wconf 79' lang='lat' dir='ltr'>Qare</span> <span class='ocrx_word' id='word_1_511' title='bbox 554 3249 602 3280; x_wconf 85' lang='lat' dir='ltr'>ut</span> <span class='ocrx_word' id='word_1_512' title='bbox 621 3251 681 3280; x_wconf 82' lang='lat' dir='ltr'>rei</span> <span class='ocrx_word' id='word_1_513' title='bbox 701 3235 805 3281; x_wconf 85' lang='lat' dir='ltr'>flant</span> <span class='ocrx_word' id='word_1_514' title='bbox 834 3234 968 3301; x_wconf 82' lang='lat' dir='ltr'>legati</span> <span class='ocrx_word' id='word_1_515' title='bbox 994 3250 1151 3281; x_wconf 88' lang='lat' dir='ltr'>contra</span> <span class='ocrx_word' id='word_1_516' title='bbox 1166 3236 1248 3308; x_wconf 21' lang='lat' dir='ltr'>jus*</span> <span class='ocrx_word' id='word_1_517' title='bbox 1262 3234 1322 3280; x_wconf 82' lang='lat' dir='ltr'>est</span> <span class='ocrx_word' id='word_1_518' title='bbox 1338 3237 1539 3298; x_wconf 78' lang='lat' dir='ltr'>gentium</span> <span class='ocrx_word' id='word_1_519' title='bbox 1557 3273 1568 3290; x_wconf 85' lang='lat'>,</span> <span class='ocrx_word' id='word_1_520' title='bbox 1604 3249 1698 3297; x_wconf 90' lang='lat' dir='ltr'>quo</span> <span class='ocrx_word' id='word_1_521' title='bbox 1728 3233 1873 3278; x_wconf 85' lang='lat' dir='ltr'>vetari</span> <span class='ocrx_word' id='word_1_522' title='bbox 1901 3227 2044 3275; x_wconf 87' lang='lat' dir='ltr'>multa</span> 
     </span>
    </p>
   </div>
   <div class='ocr_carea' id='block_1_8' title="bbox 383 3288 2047 3398">
    <p class='ocr_par' dir='ltr' id='par_1_10' title="bbox 383 3288 2047 3398">
     <span class='ocr_line' id='line_1_56' title="bbox 383 3288 2047 3360; baseline 0 -23"><span class='ocrx_word' id='word_1_523' title='bbox 383 3294 521 3343; x_wconf 87' lang='lat' dir='ltr'>solent</span> <span class='ocrx_word' id='word_1_524' title='bbox 538 3312 630 3359; x_wconf 84' lang='lat' dir='ltr'>qua:</span> <span class='ocrx_word' id='word_1_525' title='bbox 659 3299 731 3358; x_wconf 88' lang='lat' dir='ltr'>jus</span> <span class='ocrx_word' id='word_1_526' title='bbox 745 3312 909 3346; x_wconf 82' lang='lat' dir='ltr'>naturae</span> <span class='ocrx_word' id='word_1_527' title='bbox 925 3299 1164 3359; x_wconf 88' lang='lat' dir='ltr'>permittit.</span> <span class='ocrx_word' id='word_1_528' title='bbox 1206 3297 1482 3356; x_wconf 64' lang='lat' dir='ltr'>LonjeRura</span> <span class='ocrx_word' id='word_1_529' title='bbox 1496 3309 1682 3360; x_wconf 85' lang='lat' dir='ltr'>quoque</span> <span class='ocrx_word' id='word_1_530' title='bbox 1698 3295 1803 3341; x_wconf 88' lang='lat' dir='ltr'>hinc</span> <span class='ocrx_word' id='word_1_531' title='bbox 1817 3294 1920 3343; x_wconf 86' lang='lat' dir='ltr'>stat.</span> <span class='ocrx_word' id='word_1_532' title='bbox 1953 3288 2047 3358; x_wconf 67' lang='lat' dir='ltr'>Ye-</span> 
     </span>
     <span class='ocr_line' id='line_1_57' title="bbox 1951 3365 2043 3398; baseline -0.033 0"><span class='ocrx_word' id='word_1_533' title='bbox 1951 3365 2043 3398; x_wconf 81' lang='lat' dir='ltr'>rius</span> 
     </span>
    </p>
   </div>
  </div>
 </body>
</html>
