2475 3854
1023 289 1435 337 INDEX.

451 365 691 423 beilojustm

400 425 567 468 Occifio
592 435 788 479 quatenus

456 479 531 522 his.
957 485 1055 526 446,
1072 477 1205 523 &447

399 533 567 576 occino
595 529 716 575 hostis
743 529 968 575 indistinete
995 544 1080 584 quo
1099 529 1204 571 sensu

455 584 578 629 licita.
1123 597 1202 635 457

401 642 570 686 Occifio
585 652 695 683 extra
710 640 954 693 propositum
975 669 986 690 ,
1015 638 1093 681 five
1107 639 1210 681 indi-

454 697 573 745 τεέὶε,
591 696 750 750 quando
762 695 891 744 licita,
1123 706 1174 743 42
1185 711 1201 743 5

399 750 567 794 Occifio
583 765 654 804 pro
671 750 762 792 vitae
789 749 1010 792 defensione
1033 763 1209 804 quomo-

452 807 508 847 do
527 804 689 846 vitiosa.

400 859 566 903 Occifio
584 893 595 909 ,
626 873 674 900 ne
704 860 845 915 fugere
876 871 1102 913 cogamur:
1133 873 1206 912 pro

453 916 600 956 tuenda
628 913 920 956 existimatione
945 916 989 956 δι
1004 928 1076 967 pro
1091 916 1209 955 rebus

452 983 502 1011 an
517 971 644 1011 licita.
1131 982 1202 1017 105

399 1024 636 1084 Occupandi
660 1023 726 1078 J'us
755 1023 797 1067 in
827 1023 927 1065 statu
944 1035 1078 1064 rerum
1095 1035 1208 1064 corn-

452 1092 660 1120 mumum.
1133 1091 1147 1117 1
1162 1091 1203 1118 12

397 1133 637 1188 occupatio
652 1133 738 1189 post
751 1131 930 1175 omissam
946 1132 1204 1174 communio-

453 1203 560 1232 nem.
1132 1202 1147 1228 1
1160 1202 1206 1236 14

398 1243 635 1298 occupatio
651 1257 732 1285 non
747 1241 801 1283 est
814 1242 883 1285 nifi
900 1241 941 1284 in
957 1255 996 1283 re
1011 1241 1202 1285 termina-

452 1311 508 1340 ta,
1129 1313 1140 1338 1
1157 1310 1204 1346 14

397 1353 634 1407 occupatio
651 1351 727 1393 alia
742 1366 810 1405 per·
824 1352 1119 1395 universitatem
1136 1385 1147 1402 ,
1166 1368 1207 1392 a-

1128 378 1200 416 513

453 1410 507 1450 lia
527 1421 593 1461 per
611 1407 770 1449 fundos.
1129 1422 1145 1448 1
1158 1422 1203 1464 ¹5,

398 1462 632 1516 occupatio
645 1462 821 1515 imperii.
1131 1477 1147 1504 π
1157 1477 1205 1511 27

397 1518 634 1571 occupatio
649 1516 836 1559 dominii.
1109 1516 1201 1560 ibid.

397 1574 557 1616 Odium
572 1573 612 1613 in
629 1570 836 1624 prorniffis.
1126 1578 1204 1622 278

397 1629 516 1672 Odio
542 1627 713 1669 carentia
742 1627 955 1680 quomodo
981 1625 1208 1680 intelligen-

453 1685 517 1725 da.
1113 1682 1203 1722 ibid.

396 1738 553 1780 Odiosa
567 1737 779 1789 quomodo
794 1735 1101 1788 interpretanda.
1114 1736 1205 1777 ibid.

396 1793 554 1835 Odiosa
572 1792 611 1832 in
627 1791 752 1833 dubio
768 1790 1002 1845 personalia.
1127 1797 1205 1832 280

399 1849 533 1899 O'nffivo
570 1846 625 1889 la.
1126 1856 1175 1893 42
1181 1861 1203 1892 9

399 1905 518 1946 olna*
559 1902 602 1951 ἠ.
1130 1907 1204 1952 387

396 1961 518 2004 Onus
547 1955 755 1998 vitandum
781 1955 822 1994 in
852 1954 985 1997 verbis
1014 1954 1204 2008 interpre-

450 2012 594 2054 tandis.
1128 2015 1203 2058 278

395 2068 540 2112 Onera
553 2082 600 2107 ex
629 2064 761 2108 federe
777 2063 1004 2106 transitoria
1035 2076 1106 2105 aut
1121 2077 1208 2104 ma-

451 2122 599 2165 nentia.
1128 2130 1177 2159 26
1184 2129 1206 2159 6

397 2177 539 2230 Opera
569 2178 612 2217 δι
641 2173 808 2227 pecunia
831 2182 934 2227 quot
948 2173 1084 2216 modis
1103 2173 1206 2215 inter

451 2231 488 2272 se
504 2241 800 2284 comparentur.
1123 2243 1172 2280 23
1182 2238 1204 2268 6

397 2287 560 2340 Operas
574 2286 644 2339 qni
661 2283 840 2338 promisit
856 2315 868 2335 ,
885 2280 1035 2338 quibus
1049 2296 1096 2323 ex
1112 2296 1204 2323 cau-

452 2342 498 2383 iis
511 2340 732 2381 excusetur.
1127 2343 1206 2385 284

397 2396 634 2450 opificibus
648 2393 887 2448 parcendum
905 2392 946 2436 in
963 2391 1084 2432 bello.
1131 2407 1176 2439 52
1187 2407 1200 2432 1

397 2450 611 2504 Oppidum
625 2449 782 2490 tradere
795 2448 866 2500 qui
895 2446 1075 2499 promifit
1093 2473 1105 2492 2
1135 2459 1203 2500 po-

452 2505 524 2546 test
540 2503 761 2556 praesrdium
775 2501 999 2544 dimittere.
1124 2511 1173 2542 60
1178 2517 1199 2553 3

400 2559 466 2608 02⁴>
485 2559 527 2600 οὗ
541 2558 652 2612 quid.
868 2609 878 2616 .
1124 2571 1145 2596 2
1157 2571 1205 2603 50

399 2616 527 2658 Orbis
544 2626 616 2667 pro
627 2614 821 2656 Romano
838 2610 993 2669 dietum·
1126 2617 1203 2661 387

397 2670 510 2714 Orbi
535 2668 613 2710 toti
643 2681 692 2709 an
707 2679 834 2708 unum
848 2666 1069 2719 imperium
1085 2677 1204 2716 expe-

454 2725 553 2766 diat.
1128 2726 1199 2770 387

398 2779 524 2823 Ordo
550 2790 692 2820 eorum
722 2775 792 2831 qui
805 2775 998 2815 damnum
1014 2773 1204 2815 dederunt

454 2834 496 2874 in
512 2833 650 2874 debito
667 2828 935 2874 restitutionis.
1035 2880 1044 2887 ο
1126 2844 1146 2868 2
1153 2843 1205 2874 90

399 2887 525 2929 Ordo
540 2887 609 2941 qui
625 2887 835 2927 servandus
850 2883 952 2924 iuter
967 2880 1108 2922 socios.
1129 2893 1203 2929 156

399 2942 522 2983 Ordo
552 2940 778 2987 confidendi
794 2939 895 2980 inter
923 2937 1058 2994 Reges
1082 2936 1201 2977 Chri-

453 2995 612 3037 stianos.
1108 2991 1197 3032 ibid.

400 3049 526 3091 Ordo
539 3048 641 3089 inter
654 3060 727 3087 eos
742 3078 754 3096 ,
782 3046 852 3099 qni
869 3056 996 3100 partes
1010 3045 1050 3088 in
1065 3058 1104 3085 re
1125 3045 1201 3087 dis-

456 3116 568 3155 pares
581 3103 736 3143 habent.
1125 3114 1140 3140 1
1154 3113 1197 3149 57

402 3156 611 3199 ordinum
640 3165 862 3198 conventus
887 3153 1084 3208 populum
1102 3153 1197 3194 refe-

456 3222 561 3251 runt.
1154 3215 1198 3255 58

401 3264 614 3308 Ordinum
636 3273 858 3306 conventus
873 3259 971 3305 alibi
985 3261 1087 3304 alios
1109 3261 1201 3305 usus

1315 365 1448 408 habet.
1961 371 2058 414 ibid-

812 418 927 463 licita
949 418 992 462 in
1021 419 1202 474 repress‘a-
1259 421 1481 464 Ordinatio
1497 420 1634 465 divina
1662 422 1734 466 effe
1751 407 1875 481 'regia
1889 427 2060 480 potestas

1310 488 1396 530 quo
1410 475 1514 519 sensu
1530 477 1696 521 dicatur.
2006 497 2028 522 2.
2035 491 2057 530 3

1639 586 1687 628 P.

1336 695 1557 738 Acatorum
1594 697 1703 750 quod
1736 695 1915 740 officium
1955 697 2063 740 circa

1385 751 1589 792 bellantes.
1982 761 2053 802 561

1134 816 1208 853 104
1259 806 1372 847 Pacta
1387 818 1476 859 quae
1490 806 1611 858 pactis
1639 806 1728 848 aliis
1742 808 1977 862 praevaleant
1994 840 2005 858 ,
2034 809 2061 850 fi

1309 859 1396 901 casu
1414 861 1671 903 collidantur.
1982 869 2061 911 284

1256 914 1536 967 Pa&a‚quibus
1552 915 1711 970 imperii
1727 916 1903 958 mixtura
1919 918 2060 966 fit.570

1258 970 1376 1010 Paeia
1402 970 1505 1010 nuda
1523 984 1572 1012 an
1584 972 1767 1027 obligent
1792 972 1882 1025 jure
1896 985 2061 1022 naturae,

1312 1025 1352 1063 3<
1373 1025 1571 1078 gentium.
1983 1042 2060 1074 219

1259 1080 1374 1120 Pana
1388 1079 1430 1120 in
1447 1080 1547 1120 mari
1564 1112 1574 1127 ,
1602 1079 1642 1120 in
1672 1092 1795 1121 vacua
1811 1079 1960 1134 insula,
1993 1093 2063 1124 aut

1309 1133 1411 1173 inter
1439 1133 1680 1175 diversarum
1712 1135 1925 1177 civitatum
1952 1137 2062 1178 cives

1310 1201 1376 1241 per
1390 1188 1523 1230 literas
1539 1188 1640 1230 saera
1661 1222 1671 1238 ,
1690 1202 1881 1246 reguntur
1889 1191 1980 1244 jure
1993 1204 2061 1232 na-

1309 1254 1423 1293 turae,
1441 1245 1485 1284 ὅ(
1501 1245 1693 1298 gentium.
1976 1263 1995 1286 2
2007 1260 2054 1287 22

1257 1297 1375 1340 Pacta
1390 1311 1529 1354 regum
1543 1312 1625 1352 quo
1634 1300 1722 1352 jure
1738 1310 1932 1356 regantur.
1967 1300 2062 1342 ibid.

1262 1353 1374 1393 Paeia
1392 1353 1626 1395 errantium.
1967 1355 2060 1398 ibid.

1257 1410 1279 1449 a
1310 1407 1437 1449 Panis
1465 1408 1659 1462 posterior
1688 1408 1887 1451 discedens
1900 1422 1980 1450 non
2007 1410 2062 1451 est

1310 1463 1497 1515 perfidus.
1986 1476 2055 1512 571

1256 1518 1469 1559 Pastorum
1498 1513 1764 1571 personalium
1804 1518 1848 1559 &
1890 1519 2060 1561 realium

1309 1571 1535 1615 discrimen.
1982 1580 2062 1615 280

1259 1627 1437 1682 Paganns
1475 1642 1523 1670 an
1567 1627 1720 1671 hostem
1746 1626 1857 1670 licite
1884 1627 2069 1670 occidat.

1982 1693 2056 1732 564

1259 1742 1375 1792 Παῤ-94
1382 1740 1431 1778 δε(
1437 1755 1529 1790 75&
1536 1767 1544 1777 .
1977 1751 1998 1790 3
2007 1752 2027 1777 2
2034 1753 2056 1777 2

1259 1793 1441 1834 Parentes
1456 1792 1601 1835 alendi.
1982 1801 2061 1842 177

1260 1848 1442 1888 Parentes
1469 1848 1618 1889 liberos
1633 1846 1845 1902 pignorare
1858 1858 1905 1887 ac
1919 1847 2063 1886 vende-

1311 1915 1351 1941 re
1365 1903 1527 1955 quando
1545 1901 1700 1954 possinr.
1981 1909 2058 1948 146

1259 1955 1469 1997 Parentum
1496 1959 1557 2008 jus
1588 1957 1629 1997 in
1670 1955 1819 1996 liberos
1847 1953 2062 1996 secundum

1311 2021 1468 2063 tempus
1483 2010 1755 2067 distinguitur.
1967 2010 2060 2051 ibid.

1259 2064 1474 2106 Parentum
1503 2079 1597 2107 cnm
1637 2064 1774 2106 liberis
1803 2063 2062 2107 matrimonia

1312 2121 1522 2175 contrajus
1539 2132 1703 2162 naturae.
1987 2132 2060 2168 150

1261 2173 1354 2217 Pars
1382 2175 1510 2229 major
1536 2177 1599 2229 jus
1638 2174 1754 2215 habet
1782 2173 2060 2215 univerfiraris.

1353 2281 1363 2287 ,
1394 2281 1404 2287 ,
1978 2241 2051 2280 155

1260 2282 1474 2334 Partrcrpes
1488 2283 1623 2326 deliffl
1639 2282 1717 2336 qui.
1976 2292 2058 2334 366

1261 2338 1400 2377 Partus
1413 2351 1463 2379 an
1478 2349 1657 2381 ventrem
1677 2336 1858 2389 sequatur
1872 2368 1885 2387 ‚
1916 2335 1960 2375 &
1973 2350 2058 2389 quo

1305 2392 1412 2444 jure.
1975 2403 2049 2432 201

1258 2446 1396 2487 Parrus
1423 2456 1590 2487 matrem
1618 2443 1850 2486 naturaliter
1863 2457 1944 2485 non
1971 2458 2056 2486 rna.

1312 2501 1374 2555 gis
1390 2513 1508 2552 quam
1526 2511 1674 2551 patrem
1690 2498 1876 2551 sequitur.
1980 2514 1995 2540 r
2009 2517 2022 2547 5
2031 2517 2054 2550 9

1260 2554 1373 2595 Pater
1393 2555 1452 2600 ius
1477 2553 1648 2595 suumin
1675 2553 1804 2594 filium
1820 2552 1990 2594 alienate
2005 2570 2055 2598 an

1311 2607 1433 2661 possir.
1979 2623 1994 2649 1
2009 2616 2053 2656 58

1258 2661 1547 2705 Paterfamilias
1560 2660 1655 2714 quid
1673 2659 1876 2715 significet.
1979 2676 2050 2713 545

1257 2716 1447 2759 Patientia
1476 2729 1564 2767 quae
1590 2715 1775 2767 putribilis
1802 2715 1846 2756 in
1873 2716 2026 2758 restore
2044 2753 2056 2769 ‚

1308 2785 1377 2812 aut
1393 2770 1604 2822 republica.
1974 2783 2057 2823 366

1257 2826 1303 2868 ad
1322 2826 1556 2867 Patientiam
1585 2823 1736 2867 Christi
1752 2826 1935 2879 exemplo
1949 2825 2056 2867 invi-

1308 2893 1453 2921 tamur.
2001 2897 2055 2926 90

1258 2933 1548 2976 Patrimonium
1592 2931 1731 2985 populi
1772 2947 1840 2973 rex
1882 2932 2054 2975 alienare

1305 3003 1384 3030 non
1401 2988 1536 3041 potest.
1557 3002 1643 3037 17²--
1669 2987 1776 3029 illius
1787 3001 1872 3039 pars
1888 3020 1900 3037 ‚
1928 2988 1966 3028 id
1982 2989 2050 3038 est,

1305 3043 1479 3084 demanii
1508 3047 1531 3084 a
1559 3044 1674 3097 Rege
1700 3043 1953 3098 oppignerari
1981 3056 2053 3083 cur

1305 3095 1428 3150 poffit.
1957 3097 2049 3139 ibid.

1251 3154 1476 3194 Paucorum
1492 3151 1729 3194 dominatio.
1754 3150 1842 3191 vide
1855 3144 2053 3192 Domina·

1300 3218 1373 3246 tro.

1252 3261 1389 3303 Paulus
1404 3258 1615 3313 Apostolus
1643 3273 1723 3300 non
1739 3257 2051 3353 improbffiprae-

1585 3315 1644 3360 Ss
1679 3329 1694 3365 ς
1916 3328 1925 3350 ι
1955 3324 2041 3354 ium
