2380 3917
105 2647 320 2693 Phff.deffmoe

106 2694 176 2730 &cul
190 2710 222 2730 n.
239 2704 276 2740 7.

105 3023 250 3062 Ijb.rr,

104 3070 169 3103 Pas.
182 3085 207 3103 t.
228 3084 286 3110 20·

104 3116 270 3160 hunc,
288 3128 326 3165 9.

355 381 403 424 ς,
736 373 846 409 οε
953 374 1633 412 ινκεθειιι

353 444 515 509 partiri
532 438 642 489 velit
663 478 675 496 ,
695 438 832 487 facile
849 455 943 502 quae
961 439 1047 486 huc
1068 437 1264 502 spestant
1283 439 1476 502 reperiet
1495 439 1652 486 omnia
1665 438 1754 497 3ita
1773 452 1822 485 ut
1834 439 1941 487 nihil
1959 455 2036 490 aut

354 507 470 554 defit
488 544 500 561 ,
520 517 596 551 aut
620 502 860 549 redundet.
899 500 1027 548 Nam
1061 503 1137 565 qui
1154 503 1390 548 civitatem
1410 502 1528 564 regit
1546 538 1556 552 ‚
1577 517 1678 547 eam
1695 503 1861 563 partim
1877 519 1958 566 per
1976 506 2035 562 se,

353 570 520 636 partim
539 581 618 630 per
635 565 750 612 alios
769 565 904 630 regit.
941 560 1030 611 Per
1044 564 1088 612 se
1106 579 1259 611 autem
1279 563 1480 610 vershtur
1497 602 1508 616 ,
1526 578 1604 610 aur
1616 566 1734 610 circa
1753 566 2035 623 universalia,

355 648 434 681 aut
450 633 572 677 circa
586 628 839 693 lingularia.
874 625 1015 674 Circa
1032 627 1295 675 universalia
1313 626 1510 673 verlhrur
1525 626 1774 672 condendo
1792 627 1913 692 leges
1941 629 2035 676 eas-

357 711 443 760 que
458 684 666 740 tollendo
683 730 697 752 ,
714 706 810 738 tam
828 691 948 737 circa
965 689 1087 737 sacra
1118 696 1361 754 (quatenus
1379 703 1542 735 corum
1575 704 1683 736 cura
1709 688 1766 735 ad
1800 693 2035 740 civitatem

354 757 582 823 pertinet)
608 771 748 818 quam
776 755 898 801 circa
914 751 1122 818 profana.
1159 754 1245 800 Ars
1261 754 1379 799 circa
1407 753 1498 797 liaec
1518 749 1747 798 Aristoteli
1774 753 2036 812 ὶρχιπίῖοηκῆ

349 818 667 871 architeftalis.
685 816 939 880 Singularia
955 818 1075 863 circa
1094 832 1189 878 quae
1207 815 1423 871 versatur,
1443 812 1539 860 sunt
1557 828 1635 860 aut
1653 812 1823 861 direi‘ste
1838 815 2032 878 publica,

351 899 429 931 aut
441 884 615 946 privata
632 880 816 944 quidem
837 918 848 934 ‚
873 878 950 926 sed
967 893 1184 942 quatenus
1202 878 1254 926 ad
1274 877 1501 940 publicum
1521 877 1802 924 ordinantur.
1840 879 2029 926 Dire&c

352 948 532 1010 publica
567 944 663 991 sunt
683 942 883 990 aCtiones
901 981 914 1000 ,
929 957 981 989 ut
998 942 1121 1006 pacis
1139 980 1150 999 ,
1170 941 1304 998 belli,
1334 939 1564 988 foederum
1584 938 1902 989 faciendorum
1922 963 1938 1001 3
1955 957 2032 990 aut

350 1026 438 1067 res,
459 1023 507 1056 ut
527 1006 763 1070 vestigalia
776 1043 788 1062 ,
807 1007 857 1051 &
876 1005 906 1052 fi
925 1022 1018 1068 quae
1036 1006 1104 1052 his
1121 1004 1216 1052 iiiut
1235 1004 1391 1052 similia
1410 1020 1422 1051 ε
1440 1005 1485 1049 in
1500 1002 1660 1064 quibus
1676 1005 2035 1067 comprehendi-

352 1088 423 1120 tur
443 1073 492 1118 &
509 1070 767 1116 dominium
780 1068 997 1125 eminens,
1018 1067 1145 1130 quod
1163 1069 1322 1115 civitas
1337 1066 1472 1114 habet
1488 1066 1538 1111 in
1555 1067 1692 1114 cives,
1712 1068 1762 1113 &
1780 1083 1851 1115 res
1864 1069 2033 1116 civium

349 1135 410 1182 ad
428 1134 555 1182 usum
569 1132 822 1196 publicum.
851 1132 940 1178 Ars
957 1133 1078 1178 circa
1094 1131 1186 1178 haec
1204 1130 1433 1178 Aristoteli
1460 1129 1645 1176 nomine
1658 1131 1831 1194 generis
1847 1129 2033 1184 amnui.

348 1198 399 1246 id
414 1198 475 1245 est
491 1196 640 1243 civilis
651 1232 662 1246 ,
683 1197 731 1242 &
749 1194 981 1246 βκλώτικὸ,
1000 1193 1317 1241 consultatrix.
1355 1192 1538 1240 Privata
1557 1190 1655 1238 sunt
1671 1208 1743 1240 res
1757 1206 2034 1241 controver-

347 1260 399 1309 sae
416 1263 532 1308 inter
551 1258 750 1323 {iugulos
765 1296 778 1316 ‚
797 1273 908 1320 quas
929 1256 1110 1320 publica
1129 1257 1398 1304 auctoritate
1414 1255 1566 1302 dirimi
1585 1253 1770 1318 publicae
1786 1258 1946 1320 quietis
1961 1258 2032 1302 in-

348 1323 499 1372 terest.
536 1323 622 1369 Ars
639 1324 762 1369 circa
792 1323 884 1368 haec
900 1319 1055 1367 eidem
1075 1319 1303 1368 Aristoteli
1333 1317 1534 1368 ὣκοιςικὸ,
1546 1317 1785 1376 judicialis.
1823 1321 1934 1384 Qae
1949 1335 2031 1383 per

346 1387 544 1435 alterum
558 1384 861 1448 expediuntur
880 1422 892 1440 ‚
908 1400 962 1430 ea
978 1398 1034 1428 ex
1071 1382 1281 1429 ediuntur
1298 1421 1310 1441 ‚
1324 1396 1402 1429 aut
1429 1396 1512 1444 per
1526 1382 1810 1446 magistratus
1823 1421 1835 1439 ,
1854 1397 1932 1430 aut
1980 1399 2032 1430 er

344 1452 461 1498 alios
479 1463 717 1496 curatores
740 1487 751 1504 ‚
769 1449 814 1494 in
835 1445 997 1510 quibus
1014 1399 1113 1494 fflnt
1129 1447 1178 1494 &
1197 1447 1351 1510 legati.
1385 1444 1478 1492 His
1494 1459 1608 1508 ergo
1625 1447 1671 1493 in
1683 1444 1816 1494 rebus
1830 1460 1923 1493 con
1941 1445 2030 1495 istit

345 1512 545 1578 potestas
561 1512 721 1558 civilis.

413 1575 454 1624 V
474 1575 494 1621 Ι
509 1573 548 1623 1.
567 1572 757 1622 Summa
772 1587 926 1620 autem
943 1572 1021 1620 illa
1036 1571 1219 1628 dicitur,
1237 1571 1365 1631 cujus
1383 1569 1505 1618 aelus
1521 1571 1705 1619 alterius
1720 1571 1808 1632 juri
1821 1584 1912 1620 non
1929 1571 2030 1620 sub.-

345 1639 443 1688 sunt
460 1677 472 1695 ‚
490 1639 553 1685 ita
569 1652 620 1682 ut
634 1638 819 1684 alterius
847 1636 1091 1682 voluntatis
1121 1634 1320 1681 humana:
1337 1634 1528 1681 arbitrio
1547 1635 1660 1682 irriti
1690 1635 1860 1698 poffint
1875 1635 2024 1683 reddi.

349 1702 554 1751 Alterius
571 1715 676 1746 cum
694 1698 816 1754 dico,
837 1700 848 1744 i
866 1698 981 1745 wsum
998 1697 1198 1745 excludo
1216 1737 1227 1753 ‚
1250 1699 1324 1761 qui
1344 1697 1516 1744 summa
1526 1698 1747 1761 potestate
1763 1699 1906 1746 utitur
1922 1720 1939 1759 5
1954 1700 2028 1747 cui

349 1765 633 1813 voluntatem
663 1777 842 1809 mutare
853 1715 965 1808 licet
985 1799 998 1818 ,
1016 1764 1042 1791 *
1066 1777 1114 1808 ut
1134 1763 1181 1807 δε
1199 1760 1520 1811 success'orem,
1546 1762 1621 1824 qui
1636 1760 1804 1809 eodem
1821 1764 1920 1823 jure
1937 1764 2028 1809 uti-

347 1840 439 1884 tur,
457 1841 508 1872 ac
523 1825 713 1890 proinde
729 1825 920 1872 eandem
939 1823 1077 1871 habet
1092 1823 1472 1887 potestate1u‚1ion
1488 1824 1634 1870 aliam.
1651 1825 1762 1872 Haec
1777 1841 1891 1891 ergo
1905 1824 2028 1872 sum-

350 1907 427 1938 ma
444 1889 654 1952 potestas,
671 1887 798 1951 quod
817 1886 1066 1949 subjectum
1086 1887 1251 1934 habeat
1268 1886 1522 1935 videamus.
1549 1885 1812 1948 subjeetum
1829 1887 1950 1935 aliud
1964 1888 2026 1935 est

350 1969 597 2001 commune
615 1990 628 2007 ‚
647 1951 768 1999 aliud
790 1951 1026 2015 proprium
1047 1968 1058 1999 :
1087 1966 1135 1997 ut
1168 1950 1284 1997 visus
1305 1948 1552 2009 subjc&um
1578 1966 1824 1998 commune
1838 1952 1899 1999 est
1917 1967 2025 1999 cor-

348 2032 448 2080 pus,
465 2016 699 2079 proprium
710 2016 882 2061 oculus.
901 2015 964 2060 ita
979 2012 1160 2060 summae
1177 2013 1412 2076 potestatis
1429 2011 1678 2072 subjectum
1696 2030 1942 2063 commune
1961 2014 2025 2062 est

350 2081 523 2134 civitas,
543 2094 677 2140 quam
696 2076 947 2141 perfectum
966 2091 1135 2123 coetum
1152 2075 1238 2122 eise
1252 2074 1379 2138 supra
1393 2074 1606 2122 diximus.
1641 2077 1936 2125 Excludimus
1950 2093 2025 2125 er-

345 2158 411 2206 go
429 2141 624 2204 populos
645 2179 656 2196 ,
678 2142 754 2204 qui
786 2142 831 2186 in
863 2140 1045 2186 alterius
1073 2139 1232 2201 populi
1259 2138 1482 2184 ditionem
1514 2139 1820 2188 concetl'erunt
1836 2179 1848 2196 ‚
1869 2142 2023 2205 quales

348 2219 472 2252 erant
487 2204 726 2265 provinciae
743 2202 1087 2249 Romanorum:
1109 2203 1153 2248 hi
1169 2203 1286 2248 enim
1297 2200 1450 2264 populi
1468 2218 1558 2248 uon
1576 2218 1657 2264 per
1674 2202 1716 2249 sc
1732 2206 1889 2251 civitas
1905 2204 2022 2262 sunt,

345 2281 396 2313 nt
411 2282 526 2312 nunc
543 2266 727 2329 quidem
742 2281 842 2313 eam
859 2282 1023 2313 vocem
1044 2265 1269 2319 tinuimus,
1291 2265 1364 2311 led
1382 2264 1590 2310 membra
1608 2266 1754 2313 minus
1770 2267 1815 2313 di
1821 2283 1907 2332 gna
1923 2285 2025 2316 ma-

343 2346 440 2392 gnae
455 2330 648 2376 civitatis
668 2368 679 2386 ‚
703 2330 946 2391 quomodo
966 2327 1078 2374 servi
1109 2327 1316 2374 membra
1334 2328 1430 2375 sunt
1450 2326 1647 2375 fluuium.
1684 2329 1879 2376 Rursum
1898 2332 2021 2377 acci-

341 2394 426 2448 dit,
448 2409 497 2438 ut
511 2392 708 2456 plurium
727 2392 1006 2456 populorum
1030 2390 1154 2437 idem
1168 2390 1219 2437 fit
1235 2406 1369 2454 caput
1386 2428 1397 2446 ‚
1422 2392 1499 2452 qui
1516 2406 1670 2440 tamen
1689 2407 1750 2454 po
1786 2393 1843 2440 uli
1863 2394 2021 2458 singuli

340 2453 593 2520 perfectum
626 2470 798 2501 coetum
826 2454 1101 2502 constituunt
1125 2469 1298 2517 :neque
1325 2456 1444 2501 enim
1472 2455 1580 2500 utin
1599 2409 1789 2502 naturali
1820 2473 2021 2521 corpore

341 2534 431 2566 non
448 2518 595 2582 potest
621 2533 758 2581 caput
790 2534 928 2564 unum
945 2517 1031 2564 ess'e
1046 2518 1239 2581 plurium
1259 2533 1510 2581 corporum
1526 2555 1538 2573 ,
1572 2518 1637 2564 ita
1659 2520 1701 2564 iu
1721 2520 1887 2567 morali
1902 2536 2021 2583 quo-

340 2598 427 2645 que
451 2596 651 2644 corpore
670 2601 685 2639 3
703 2598 806 2628 nam
839 2581 899 2628 ibi
936 2580 1097 2628 eadem
1128 2580 1316 2644 persona
1349 2579 1525 2628 diversa
1540 2582 1719 2628 ratione
1735 2583 2020 2631 considerata

340 2661 473 2707 caput
492 2644 639 2706 potest
652 2643 736 2691 effe
752 2645 948 2706 plurium
965 2659 1017 2691 ac
1034 2642 1345 2691 distinctorum
1376 2657 1644 2705 corporum.
1673 2642 1820 2706 Cujus
1836 2647 1902 2693 rei
1917 2662 2020 2693 cer-

339 2723 437 2755 tum
456 2708 669 2755 indicium
687 2706 773 2754 effe
790 2706 953 2769 potest,
974 2706 1102 2768 quod
1119 2706 1318 2754 extinEhi
1334 2706 1483 2753 domo
1502 2709 1755 2768 regnatrice
1770 2710 2016 2772 imperium

340 2771 398 2818 ad
446 2786 639 2833 uemque
655 2771 874 2833 populum
891 2769 1071 2815 seorsim
1089 2772 1345 2817 revertitur.
1379 2768 1453 2816 Sic
1468 2768 1605 2815 etiam
1622 2773 1827 2819 accidere
1849 2772 2014 2834 potest,

339 2850 389 2879 ut
408 2851 435 2896 p
456 2848 555 2880 ures
568 2834 774 2880 civitates
792 2831 1039 2879 arstiffimo
1062 2834 1178 2878 inter
1197 2831 1239 2879 sc
1257 2832 1434 2880 foedcre
1454 2832 1724 2896 colligentur
1743 2875 1755 2891 ,
1775 2836 1825 2882 &
1847 2833 2016 2883 faciant

341 2895 505 2950 νύτημοι
518 2895 754 2957 quoddam
772 2910 820 2942 ut
840 2893 1004 2941 Strabo
1020 2911 1108 2940 non
1125 2912 1215 2941 uno
1233 2896 1343 2942 loco
1359 2896 1579 2958 loquitur,
1599 2912 1654 2942 ne
1690 2913 1745 2944 ue
1760 2913 1912 2946 tamen
1930 2898 2016 2945 fin·-

341 2953 453 3014 gulae
472 2954 671 3005 defluant
701 2959 865 3005 statum
884 2956 1088 3019 perfec}ae
1106 2960 1297 3005 civitatis
1316 2960 1509 3005 retinere
1529 2974 1539 3005 ε
1558 2913 1686 3021 quod
1699 2975 1795 3007 tum
1821 2962 1879 3009 ab
1899 2961 2012 3018 aliis,

342 3030 441 3061 tum
460 3020 516 3066 ab
535 3022 771 3068 Aristotele
790 3021 926 3065 ctiam
942 3035 1150 3067 notatum
1168 3021 1336 3068 estnon
1354 3036 1445 3068 uno
1464 3020 1589 3068 loco.
1617 3021 1880 3084 Subjcstum
1898 3038 2013 3085 crgo

343 3095 588 3130 commune
607 3083 787 3130 summa:
803 3084 1030 3146 potestatis
1050 3082 1143 3129 esto
1161 3086 1318 3131 civitas
1335 3123 1345 3137 ,
1367 3085 1431 3130 ita
1447 3098 1497 3130 ut
1514 3086 1601 3143 jam
1613 3086 1814 3134 diximus
1836 3087 2013 3133 intelle-

338 3141 424 3187 ἃᾶ.
460 3145 724 3207 Subjcchim
754 3148 990 3210 proprium
1025 3146 1086 3191 est
1116 3147 1304 3207 persona
1335 3164 1419 3194 una
1466 3145 1633 3195 luresvc
1652 3188 1662 3205 ‚
1711 3165 1782 3196 iro
1800 3147 2012 3209 cujusque

337 3210 482 3268 gentis
504 3209 678 3273 legibus
691 3226 742 3257 ac
757 3210 975 3255 moribus.
998 3209 1155 3258 iim-raim
1165 3209 1255 3265 >2923
1285 3210 1404 3274 apud
1419 3162 1641 3261 galenum
1660 3213 1692 3259 li
1728 3228 1784 3259 ro
1806 3210 1933 3258 sexto
1949 3210 2011 3256 de

334 3270 507 3330 placitis
526 3273 823 3337 Hippocratis
842 3273 888 3315 ὅ(
903 3270 1117 3318 Platonis.

403 3335 443 3381 V
464 3337 481 3382 Ι
502 3337 521 3383 1
539 3337 573 3382 1.
608 3338 757 3399 Atque
776 3335 866 3380 hoc
884 3335 991 3380 loco
1009 3336 1205 3396 primum
1225 3336 1466 3396 rejicienda
1483 3337 1541 3383 est
1559 3353 1722 3384 eorum
1738 3343 1915 3401 opimo,
1929 3335 2008 3399 qui

341 3397 504 3462 ubique
537 3399 585 3446 &
603 3399 691 3446 sine
721 3398 992 3461 exceptione
1021 3397 1245 3445 lumniam
1261 3398 1630 3463 potestatemefl'e
1656 3401 1816 3450 volunt
1833 3397 2005 3467 populi,

1940 3474 2006 3508 ita
