2380 3917
453 321 521 357 ‚72
836 304 1718 343 nn1vnnnettr

451 372 712 423 inconsultis
728 384 855 432 reges
870 366 1086 415 fecerant.
1120 363 1350 428 Populum
1366 379 1518 414 autem
1534 366 1791 415 consenfiffe
1803 369 2109 435 intelligimus,

453 440 542 486 sive
557 451 682 482 totus
699 434 810 479 coiit
826 453 842 490 3
875 429 1002 492 quod
1020 428 1132 475 olim
1148 425 1269 492 apud
1287 427 1546 476 Germanos
1562 430 1610 475 δέ
1626 430 1784 478 Gallos
1797 431 1891 478 fieri
1907 432 2078 482 solebat
2094 455 2112 494 3

450 501 541 547 five
559 512 636 560 per
669 496 846 555 legatos
874 492 1069 553 partium
1099 490 1422 552 integrantium
1451 490 1667 538 mandatu
1694 492 1938 541 sufficiente
1953 499 2113 544 instru-

451 561 568 607 Ctos.
602 564 626 590 *
643 548 767 605 Nam
784 556 976 603 facimus
1004 555 1053 599 δε
1070 550 1197 616 quod
1214 567 1299 615 per
1313 552 1450 599 alium
1474 551 1687 600 facimus.
1725 555 1818 602 Sed
1835 573 1915 603 nec
1930 560 2112 622 pignori

454 624 553 669 dari
584 637 683 686 pars
715 618 893 682 imperii
910 616 1082 679 poterit
1100 653 1113 671 ‚
1139 615 1215 661 nisi
1248 615 1458 662 consensu
1477 615 1605 663 simili
1627 631 1638 662 :
1671 634 1761 665 non
1793 635 1847 666 ea
1863 611 2038 668 tantum
2053 637 2113 668 ex

453 685 580 732 caula
598 722 609 739 ‚
630 683 751 745 quod
771 698 826 728 cx
845 682 885 743 pi
925 680 1047 725 noris
1064 677 1251 724 datione
1268 676 1388 742 sequi
1402 679 1614 742 alienatio
1632 678 1771 727 soleat
1791 719 1803 737 ‚
1831 681 1907 729 (ed
1920 682 2047 745 quod
2064 685 2114 733 δε

454 765 535 795 rex
552 762 754 793 tenentur
770 696 941 807 popul-:o
958 740 1017 789 ad
1046 738 1347 787 exercendum
1360 755 1442 803 per
1460 741 1503 787 se
1518 739 1743 789 summum
1762 745 2002 808 imperium
2021 784 2032 801 ,
2064 747 2115 792 δε

455 810 652 874 populus
678 807 877 871 partibus
894 804 993 861 suis,
1011 803 1068 850 ad
1084 802 1442 851 conservandum
1459 803 1549 850 hoc
1564 807 1834 853 exercitium
1850 810 1894 854 in
1909 807 1984 855 sua
1999 810 2109 855 intc-

453 876 637 937 gritate,
654 873 780 929 cujus
800 871 862 916 rei
882 869 1026 933 gratia
1038 869 1084 914 in
1099 865 1358 914 societatem
1376 866 1556 914 civilem
1571 868 1749 916 coitum
1759 869 1839 916 est.

516 934 581 982 X.
617 934 827 980 Minores
843 947 956 979 vero
975 928 1224 977 functiones
1242 930 1399 977 civiles
1410 945 1504 992 quo
1516 931 1660 977 minus
1677 934 2023 997 populusetiam
2041 935 2111 997 ju-

454 1012 503 1044 re
521 996 800 1044 hereditario
815 993 954 1059 possit
969 991 1225 1040 concedere
1238 993 1347 1039 nihil
1365 991 1510 1039 obstat
1529 1030 1541 1049 ‚
1570 1008 1674 1041 cum
1690 1010 1744 1042 ea
1759 998 1967 1060 corporis
1992 997 2115 1045 sum-

223 1075 338 1106 cravn
355 1066 433 1111 ms:
455 1062 604 1122 mique
620 1060 800 1121 imperii
827 1057 1138 1121 integritatem
1168 1054 1276 1102 nihil
1301 1056 1587 1113 imminuant.
1620 1057 1878 1106 inconsulto
1897 1076 2010 1107 vero
2027 1076 2116 1123 po-

225 1119 308 1162 894·
326 1130 380 1150 '¹¹‘·
393 1124 429 1197 je·
454 1124 562 1186 pulo
579 1138 659 1168 rex
675 1119 726 1167 id
744 1137 836 1168 non
852 1118 1001 1184 potest
1016 1156 1027 1174 ,
1048 1117 1079 1166 fi
1092 1132 1351 1166 maneamus
1374 1121 1490 1165 intra
1500 1120 1716 1180 terminos
1727 1121 1976 1171 naturales:
2008 1125 2115 1185 quia

223 1169 412 1255 {22:234
454 1187 565 1246 juris
582 1183 881 1247 temporarii,
913 1180 1045 1244 quale
1061 1180 1123 1227 est
1153 1196 1314 1244 regum
1345 1180 1595 1228 electorum
1614 1220 1627 1239 ,
1663 1200 1738 1231 aut
1761 1185 1863 1248 lege
1875 1184 2116 1233 succeden-

226 1269 259 1290 η.
278 1258 355 1294 162-
452 1252 568 1295 tium
583 1246 639 1293 ad
653 1246 895 1309 imperium
912 1283 925 1302 ‚
958 1242 1142 1291 effestus
1157 1244 1234 1291 nisi
1253 1245 1418 1308 pariter
1429 1247 1689 1307 temporarii
1706 1247 1791 1294 effe
1809 1264 1900 1294 non
1918 1247 2108 1309 possunt.

454 1311 613 1360 Potuit
623 1324 776 1356 tamen
793 1307 968 1370 populi,
986 1321 1037 1353 ut
1053 1307 1278 1369 expreffus
1292 1305 1526 1354 consensus
1541 1345 1552 1362 ,
1572 1308 1637 1356 ita
1649 1311 1810 1357 tacitus
1828 1309 2115 1358 consuetudi-

452 1391 508 1422 ne
525 1370 823 1426 introductus,
841 1369 1021 1433 qualem
1039 1385 1154 1415 nunc
1170 1369 1327 1433 passim
1343 1371 1496 1434 vigere
1509 1371 1734 1420 cernimus
1750 1411 1762 1430 ‚
1782 1372 1833 1420 id
1848 1390 1917 1433 Jus
1933 1374 2115 1438 regibus

453 1435 668 1484 tribuere.
703 1435 776 1482 Eo
802 1436 902 1493 jure
929 1430 1033 1479 usos
1061 1432 1174 1478 olim
1193 1448 1322 1497 reges
1334 1431 1506 1479 Medos
1522 1434 1571 1479 &
1586 1431 1742 1483 Persas
1761 1474 1774 1492 ‚
1810 1438 1837 1477 *
1853 1452 1915 1498 op
1947 1438 2023 1484 ida
2035 1453 2113 1485 aut

455 1499 665 1564 regiones
681 1512 804 1545 totas
821 1510 1045 1560 perpetuo
1062 1495 1162 1555 jure
1189 1494 1405 1544 tenendas
1420 1494 1602 1543 donasse
1617 1535 1630 1554 ‚
1666 1499 1827 1562 paffim
1856 1500 1903 1546 in
1954 1499 2118 1548 istoriis

455 1563 666 1626 legnnus.

225 1626 377 1680 alberic-
394 1625 430 1659 ’ἢ
523 1624 575 1672 Χ
591 1624 628 1670 Ι.
663 1622 689 1650 *
714 1620 1049 1670 Patrimonium
1066 1636 1252 1685 quoque
1267 1622 1455 1686 populi,
1479 1623 1603 1682 cujus
1616 1621 1784 1671 fruCtus
1800 1623 2002 1681 destinati
2019 1624 2116 1672 sunt

224 1671 440 1764 2222‘314220'
460 1686 516 1734 ad
535 1684 808 1734 sustentanda
838 1681 1092 1745 reipublicae
1110 1724 1123 1742 ,
1152 1701 1227 1732 aut
1258 1687 1389 1750 regiae
1405 1685 1637 1748 dignitatis
1652 1702 1790 1734 onera
1808 1726 1820 1743 ,
1848 1691 1874 1718 ’¹‘
1892 1693 1920 1736 a
1936 1687 2116 1753 regibus

226 1770 314 1800 Bm.
332 1780 363 1800 m
391 1766 413 1798 l.
460 1751 658 1806 alienari,
677 1764 758 1795 nec
772 1749 814 1794 in
825 1761 996 1797 totum,
1014 1762 1096 1794 nec
1115 1749 1158 1795 in
1176 1763 1350 1811 partem
1371 1747 1530 1811 potest.
1548 1747 1676 1795 Nam
1698 1751 1807 1796 &in
1824 1751 1915 1797 hoc
1932 1753 2001 1810 jus
2018 1767 2115 1797 ma-

220 1813 396 1861 Pmbffiem·
409 1824 438 1851 ⁵·
457 1817 526 1870 ius
536 1811 782 1860 fruftuario
802 1826 894 1858 non
909 1806 1095 1856 habent.
1130 1810 1238 1859 Nec
1251 1813 1450 1860 admitto
1467 1813 1780 1875 exceptionem
1794 1851 1804 1869 ‚
1820 1813 1850 1859 fi
1871 1830 1939 1860 res
1959 1813 2117 1860 modi-

226 1862 412 1940 Pfssssse'vf'
453 1871 562 1923 cum
579 1874 853 1936 valeat‚quia
866 1871 991 1933 quod
1009 1888 1164 1921 meum
1179 1890 1272 1922 non
1289 1874 1366 1931 est,
1384 1875 1476 1933 ejus
1494 1890 1574 1919 nec
1590 1875 1801 1937 exiguam
1817 1892 1991 1938 partem
2003 1876 2115 1923 alie-

226 1919 338 1994 ἕωρι.
368 1931 402 1986 ι’»-
461 1953 565 1985 nare
581 1939 692 1985 mihi
705 1940 774 1997 jus
791 1935 851 1981 est
866 1951 876 1983 :
893 1933 966 1981 sed
983 1936 1026 1981 in
1043 1936 1177 1984 rebus
1194 1937 1392 1984 modicis
1413 1974 1423 1993 ,
1437 1952 1573 1999 quam
1591 1938 1633 1982 in
1647 1939 1820 2000 magnis
1839 1974 1850 1988 ,
1879 1938 2116 1986 consensus

226 2000 364 2033 ‘'fist-‘1‘
376 2012 442 2033 ἐκ·
461 2003 617 2063 populi
646 2017 704 2048 ex
722 1999 904 2046 scientia
922 2035 934 2054 ‚
962 2000 1012 2044 δε
1025 2014 1084 2046 ex
1096 2000 1269 2047 silentio
1288 1999 1460 2047 facilius
1473 1998 1760 2061 praesmnitur.
1804 2001 1912 2063 Qo
1930 2000 2048 2049 sensu
2063 2003 2114 2049 &

227 2048 441 2133 {ffgssfflfff
461 2063 517 2109 ad
528 2068 609 2109 res'
643 2062 874 2110 atrimonii
889 2061 1059 2122 publici
1071 2065 1212 2126 aptari
1226 2062 1416 2125 possunt,
1433 2077 1523 2123 quae
1541 2060 1600 2107 de
1610 2063 1868 2110 necessitate
1885 2064 2116 2112 &utilita-

229 2141 354 2184 Vafq.c.
377 2150 414 2184 ς.
458 2139 503 2171 te
520 2080 695 2188 publica
714 2164 724 2181 ‚
754 2126 799 2171 in
815 2123 1062 2172 alienandis
1077 2126 1256 2188 imperii
1273 2123 1487 2187 partibus,
1508 2121 1552 2169 su
1586 2139 1634 2170 ra
1649 2124 1844 2173 diximus
1863 2165 1876 2183 ‚
1895 2140 2115 2189 tantoque

230 2189 334 2220 Nam*
365 2188 443 2226 (ΜΓ-
459 2190 601 2253 magis
618 2190 719 2251 quia
733 2187 958 2234 momenti
974 2187 1164 2235 minoris
1176 2203 1246 2235 res
1262 2187 1335 2234 hic
1349 2187 1559 2235 vertitur.
1604 2185 1636 2232 st
1653 2189 1774 2235 enim
1790 2189 2114 2252 patrimonium

230 2235 309 2317 Ξῖ)
331 2236 429 2327 {JZ'ss‘
459 2251 639 2313 imperii
654 2252 783 2298 causa
799 2247 1110 2305 constitutum.
2127 2270 2130 2272 ·

232 2295 340 2375 49‘5'22.
353 2308 415 2377 432
523 2313 604 2363 XI
619 2314 654 2361 Ι.
691 2312 784 2361 Sed
799 2314 843 2358 in
861 2327 918 2358 eo
941 2311 1157 2359 falluntur
1171 2313 1330 2371 multi,
1382 2312 1480 2359 uod
1499 2329 1568 2360 res
1587 2329 1681 2375 quae
1697 2314 1743 2359 in
1762 2311 1905 2360 frusta
1925 2311 2018 2361 sunt
2032 2329 2115 2377 pa-

370 2389 378 2398 ·
459 2378 662 2424 trimonii
679 2382 704 2430 ,’
722 2391 826 2422 cum
839 2373 972 2424 rebus
989 2377 1254 2439 patrimonii
1269 2329 1567 2424 conciundant.
1601 2375 1676 2422 Sic
1693 2378 1761 2436 jus
1779 2375 2050 2426 alluvionum
2067 2380 2114 2424 in

457 2440 738 2503 patrimonio
757 2436 841 2484 esse
860 2435 988 2494 solet,
1007 2437 1104 2502 ipsae
1121 2454 1192 2485 tes
1208 2456 1319 2502 quas
1335 2437 1445 2487 fecit
1460 2439 1628 2485 alluvio
1645 2439 1688 2485 in
1702 2437 1846 2486 fruEtu
1865 2442 1958 2500 :jus
1974 2439 2116 2486 vesti-

494 2503 575 2549 alia
590 2500 806 2565 exigendi
822 2502 865 2546 in
879 2502 1160 2556 patrimonio
1179 2539 1190 2558 ‚
1210 2504 1396 2565 pecunia
1420 2516 1479 2547 ex
1494 2499 1783 2565 vediigalibus
1799 2500 2047 2564 procedens
2064 2503 2112 2550 in

459 2519 606 2613 {mdiu
628 2584 639 2614 :
658 2568 726 2621 jus
741 2562 1009 2611 confiscandi
1022 2564 1068 2610 in
1085 2566 1382 2627 patrimonio,
1406 2563 1532 2611 fundi
1548 2562 1776 2612 confiscati
1790 2566 1835 2610 in
1852 2563 2012 2612 frustu.

523 2627 686 2675 XIII.
723 2626 882 2674 Partes
895 2641 1047 2674 autem
1060 2628 1319 2689 patrimonii
1337 2628 1515 2692 pignori
1533 2627 1707 2690 opponi
1719 2643 1777 2673 ex
1793 2626 1916 2675 causa
1933 2627 2109 2690 poffunt

459 2694 487 2739 ὲ
504 2692 680 2750 regibus
710 2692 783 2752 qui
816 2689 998 2749 plenum
1014 2689 1182 2737 habent
1198 2691 1441 2752 imperium
1457 2727 1470 2746 ,
1504 2688 1554 2735 id
1571 2688 1637 2735 est'
1650 2727 1661 2745 ,
1695 2690 1770 2751 qui
1789 2692 1853 2748 jus
1870 2689 2035 2738 habent
2048 2708 2110 2739 ex

462 2755 573 2800 caus
565 2770 588 2799 a
604 2751 771 2800 tributa
789 2767 909 2799 nova
925 2749 1172 2798 indicendi.
1206 2751 1335 2799 Nam
1363 2751 1472 2798 ficut
1505 2751 1701 2814 populus
1725 2752 1893 2798 tributa
1909 2769 1966 2800 ex
1980 2754 2112 2802 cansa

460 2816 626 2863 indiCta
640 2815 814 2861 solvere
828 2829 1020 2869 tenetur,
1035 2816 1100 2861 ita
1116 2816 1165 2860 δε
1183 2831 1278 2861 rem
1293 2830 1351 2861 ex
1368 2814 1498 2862 causa
1513 2815 1692 2876 pignori
1706 2815 1953 2878 oppositam
1972 2817 2113 2865 luere.

235 2890 261 2924 τ,
280 2891 373 2937 Greg.
396 2898 418 2927 ς
462 2878 616 2924 Luitio
631 2879 748 2923 enim
764 2877 842 2924 ista
858 2876 1016 2923 tributi
1033 2876 1237 2938 quaedam
1254 2877 1317 2923 est
1336 2876 1511 2939 species.
1546 2876 1620 2922 Est
1636 2893 1787 2923 autem
1804 2893 1864 2938 po
1899 2878 1957 2924 uli
1972 2880 2114 2940 patri·-

233 2950 304 2968 (Μ
316 2946 445 2979 P'··'.’⁷⁰⁷¹·
463 2943 664 2986 monium
682 2941 775 3001 regi
789 2955 873 3000 pro
891 2937 1055 2984 debitis
1071 2939 1226 3002 populi
1239 2941 1442 3002 pignoris
1457 2941 1555 2998 jure
1572 2939 1839 3004 obligatum.
1868 2894 2019 2987 §otest
2031 2958 2110 2987 au-

273 3008 282 3017 '
418 3007 434 3019 '⁶
462 3019 554 3050 rem
575 3004 752 3065 pignori
780 3001 875 3046 dari
895 3002 1035 3048 etiam
1054 3016 1123 3047 res
1138 3002 1247 3047 mihi
1264 3004 1516 3065 pignorata.
1551 3004 1660 3062 Qoe
1677 3017 1824 3049 autem
1837 3001 1954 3048 dista
1970 3002 2067 3049 sunt
2082 3007 2110 3050 a

464 3067 591 3112 nobis
609 3064 831 3119 haste-nus,
852 3065 915 3109 ita
933 3063 1085 3109 locum
1103 3063 1270 3110 habent
1289 3063 1363 3110 nisi
1381 3064 1454 3110 lex
1468 3067 1659 3126 imperio
1675 3065 1831 3112 addita
1849 3103 1859 3120 ,
1879 3080 1955 3112 aut
1973 3066 2107 3129 regis,

464 3142 538 3174 aut
556 3128 707 3186 populi
729 3125 996 3186 potestatem
1011 3127 1168 3187 magis,
1188 3140 1264 3172 aut
1277 3127 1465 3185 auxerit,
1485 3142 1560 3174 aut
1575 3127 1867 3175 contraxerit.

525 3190 670 3236 XIV.
705 3187 822 3234 Illud
884 3203 1034 3249 uoque
1051 3186 1278 3234 sciendum
1296 3188 1357 3234 est
1373 3227 1385 3244 ,
1420 3205 1523 3236 cum
1551 3189 1609 3236 de
1632 3190 1899 3237 alienatione
1915 3190 2105 3252 agimus,

236 3257 340 3308 dyst.
362 3265 415 3294 η.
463 3253 537 3297 sub
553 3268 609 3298 eo
628 3252 792 3314 genere
810 3267 871 3296 no
906 3251 940 3296 is
959 3251 1094 3296 etiam
1113 3249 1427 3297 testamentum
1457 3252 1797 3315 comprehendi.
1837 3253 2109 3312 anuam

387 3329 395 3338 ·
462 3318 579 3362 enim
593 3312 902 3365 testamentum
921 3350 933 3367 ,
960 3326 1011 3360 ut
1028 3312 1149 3362 astus
1165 3311 1238 3360 alii
1255 3351 1269 3371 ,
1300 3312 1500 3362 formam
1514 3330 1687 3363 certam
1707 3316 1908 3376 accipere
1923 3312 2062 3382 poliit
2079 3316 2109 3358 a

2009 3391 2053 3432 iu
2061 3387 2109 3419 re
