2475 3854
764 251 1724 296 ncvncts‚1‚11³.xr.
2013 263 2088 305 ¹97

420 316 522 366 aliis
535 319 562 367 ὲι
578 315 843 379 poffeffione
858 316 986 380 quod
1001 318 1155 382 incipit
1171 318 1443 376 dominium,
1461 336 1551 368 non
1567 320 1675 367 ideo
1688 322 1836 371 amiss‘a
1851 323 2084 389 possessio-

424 393 480 428 ne
491 382 714 428 amittitur
726 403 743 441 3
767 381 865 427 imo'
880 385 950 442 J'us
981 380 1061 426 dat
1078 383 1212 428 etiam
1230 382 1288 429 ad
1320 383 1612 445 repetendam
1628 385 1958 449 poffeffionem.
1993 388 2083 437 Res
2104 381 2140 435 L.-
2153 383 2280 428 9⁰²”fi0-

423 458 574 492 autem
594 444 763 491 nostras
773 443 882 490 alius
900 447 927 491 a
945 442 1076 490 nobis
1091 443 1285 501 auferat,
1299 443 1462 507 anipsae
1474 445 1562 493 sese
1583 484 1596 502 ‚
1612 462 1662 494 ut
1680 448 1834 497 servus
1847 447 2079 512 fugitivus,
2100 441 2173 510 ἔξω
2187 435 2233 465 D'
2252 433 2293 465 α’

425 523 520 554 non
531 506 723 553 multum
739 504 897 554 refert.
933 508 1088 570 Qare
1099 510 1247 555 verius
1274 507 1335 554 est
1352 524 1442 554 non
1465 523 1546 572 per
1570 508 1614 556 se
1645 513 1791 559 amitti
1806 511 2079 574 dominium,
2138 477 2278 525 qmpffl:

423 585 483 617 eo
499 568 627 632 quod
659 569 764 617 ferae
797 568 1045 616 custodiam
1070 571 1286 619 evaserint
1301 609 1312 627 ,
1343 572 1420 618 {ecl
1453 584 1512 619 ‘ex
1541 571 1766 636 probabili
1799 577 1904 635 conj
1911 575 2076 635 eEtura,

424 633 451 662 *
485 632 612 695 quod
629 631 691 678 ob
709 631 1022 679 difficillimam
1051 632 1405 695 persecutionem
1430 648 1505 681 eas
1538 650 1624 697 pro
1659 636 1882 685 derelistis
1912 639 2083 687 habere

425 695 664 744 credamur
684 733 694 749 ,
707 695 946 757 praesertim
962 711 1066 741 cum
1080 697 1318 743 internosci
1365 714 1426 745 uae
1443 696 1597 747 nostrae
1627 698 1792 747 fuerint
1810 700 1868 746 ab
1883 701 1977 749 aliis
1988 719 2078 750 non

425 757 612 825 poffint.
664 757 756 812 Sed
792 760 882 804 haec
916 757 1177 814 conjediura
1209 773 1287 821 per
1321 713 1429 806 §ias
1461 760 1742 819 conjecturas
1776 763 1880 809 elidi
1913 766 2075 827 potest,
2097 758 2138 793 L.
2150 761 2294 793 Nm*

425 836 477 868 ut
511 820 541 868 fi
574 819 733 867 addita
751 820 847 867 sunt
863 818 967 866 ferae
998 820 1023 847 *
1057 819 1327 876 Ύνωφὶηωιῦι,
1349 822 1438 868 five
1470 822 1496 853 '¹‘
1530 823 1773 886 crepundia
1801 865 1813 883 '
1834 827 1981 888 qualia
1998 827 2075 875 sci,
2093 805 2286 896 Zm'lgdf‘

424 901 527 932 mus
542 882 736 930 habuilse
759 898 923 930 cervos
947 883 1168 945 quosdam
1196 887 1244 930 &
1261 885 1490 946 accipitres
1509 922 1521 941 ‚
1543 900 1676 949 atque
1706 888 1809 935 inde
1833 892 2010 952 agnitos
2028 892 2077 937 δε
2132 863 2160 898 ς’
2174 862 2196 897 p
2236 874 2248 886 ⁰

423 947 626 998 dominis
660 944 884 991 redditos.
921 950 951 979 *
983 942 1245 1008 Requiritur
1259 961 1408 993 autem
1418 949 1666 1010 corporalis
1697 950 1896 1011 quaedam
1915 952 2080 1013 posses:-

425 1011 492 1058 fio
508 1008 566 1056 ad
586 1007 841 1055 dominium
861 1006 1213 1068 adipiscendum3
1225 1025 1359 1071 atque
1372 1009 1477 1056 ideo
1490 1010 1735 1061 vulnerasse,
1746 1028 1834 1059 non
1853 1013 2082 1073 sufficit,ut

425 1071 545 1121 ῐεᾶθ
560 1084 720 1118 contra
737 1070 1007 1117 Trebatium
1027 1071 1204 1133 placuit.
1238 1070 1355 1117 Hinc
1372 1072 1661 1135 proverbium
1682 1089 1693 1120 ε
1729 1078 1754 1104 *
1790 1082 1892 1122 Altis
1920 1081 2079 1138 leporem

425 1138 608 1192 excitasti.
643 1133 894 1181 EtOvidio
911 1133 1353 1197 Metamorphoscon
1369 1135 1525 1199 quinto
1558 1134 1677 1182 aliud
1706 1136 1767 1183 est
1794 1136 1902 1185 scite
1913 1140 1988 1186 ubi
2003 1140 2074 1198 fit,

427 1195 549 1245 aliud
567 1199 774 1257 reperire.

490 1256 579 1306 IV.
617 1258 709 1305 Sed
722 1256 928 1322 posseffio
943 1257 1016 1304 illa
1032 1258 1179 1319 potest
1195 1259 1364 1321 acquiri
1391 1275 1481 1307 non
1506 1259 1612 1306 solis
1644 1262 1846 1309 manibus
1863 1299 1874 1316 ‚
1914 1259 1990 1308 sed
2008 1262 2076 1308 in·
2098 1260 2136 1291 t.
2152 1257 2252 1314 ΙΨ·

427 1322 700 1378 strumentis,
719 1335 769 1367 ut
786 1319 1015 1382 decipulis,
1034 1319 1218 1378 retibus,
1235 1322 1402 1386 laqueis
1419 1360 1430 1378 ,
1453 1322 1561 1368 dum
1577 1323 1670 1370 duo
1685 1325 1826 1371 adlint
1840 1344 1854 1379 3
1868 1324 2077 1386 primum,
2097 1307 2289 1385 Ξῖζζῃγὲ

426 1400 480 1433 ut
496 1384 585 1447 ipsa
603 1384 893 1439 instrumenta
906 1382 986 1428 fint
1001 1384 1043 1428 in
1062 1384 1209 1431 nostra
1229 1384 1459 1446 potestate,
1479 1385 1642 1432 deinde
1660 1402 1708 1433 ut
1724 1386 1816 1434 fera
1829 1388 1891 1431 ita
1916 1385 2078 1432 inclusa
2094 1363 2214 1433 domff'

425 1448 498 1513 sit,
513 1462 563 1495 ut
590 1447 714 1494 exire
743 1445 848 1492 inde
877 1455 1080 1508 nequeat.
1116 1445 1174 1493 ad
1190 1462 1326 1510 quern
1338 1446 1531 1501 modum
1557 1448 1806 1497 definienda
1823 1447 1881 1494 est
1898 1448 2076 1511 quaestio

426 1523 489 1558 ae
503 1526 615 1574 apro
631 1509 758 1571 quiin
770 1508 978 1571 laqueum
998 1507 1223 1556 inciderit.

494 1573 554 1623 V.
585 1571 696 1619 Haec
710 1585 823 1635 ergo
835 1571 989 1617 locum
1001 1570 1229 1618 habebunt
1241 1570 1270 1618 fi
1287 1573 1361 1624 lex
1375 1570 1491 1618 nulla
1501 1572 1644 1619 civilis
1658 1572 1960 1620 intervenerit:
1973 1571 2085 1622 Val-

427 1634 490 1683 de
523 1637 645 1682 enim
675 1631 890 1679 falluntur
935 1635 1207 1681 recentiores
1238 1633 1541 1680 Iurisconsulti
1560 1672 1571 1691 ,
1638 1635 1681 1680 ui
1714 1634 1805 1682 haec
1833 1636 1894 1682 ita
1925 1649 2079 1696 putant
2102 1646 2181 1690 nost.
2221 1647 2262 1680 (r

428 1698 648 1746 naturalia
665 1733 676 1751 ,
711 1710 761 1742 ut
775 1697 935 1742 mutari
951 1711 1170 1759 nequeant
1186 1713 1200 1744 :
1215 1695 1309 1743 sunt
1327 1697 1448 1742 enim
1462 1651 1676 1744 naturaiia
1704 1714 1794 1743 non
1811 1697 2080 1760 simpliciter,
2099 1696 2196 1726 “uf”
2207 1706 2234 1726 ⁶·
2253 1707 2308 1747 '³⁹⁶

428 1761 507 1810 sed
525 1777 610 1823 pro
623 1767 752 1804 certo
771 1773 918 1804 rerum
934 1757 1071 1814 statu,
1088 1757 1138 1805 id
1151 1758 1212 1805 est
1226 1758 1257 1806 fi
1274 1759 1403 1804 aliter
1428 1773 1611 1806 cautum
1630 1774 1719 1804 non
1731 1759 1799 1805 fit.
1833 1761 2080 1807 Germaniae
2101 1740 2194 1819 §ff
2204 1742 2290 1774 “⁰⁶“

429 1838 582 1871 autem
599 1819 771 1884 populi,
788 1836 890 1865 cum
926 1817 1194 1882 principibus
1208 1838 1260 1867 ac
1274 1819 1453 1884 regibus
1465 1819 1582 1868 bona
1603 1820 1804 1883 quaedam
1831 1822 1966 1869 effent
1982 1820 2083 1868 assi·
2100 1813 2185 1875 laso'n
2199 1833 2276 1876 ms:

428 1886 622 1951 gnanda,
642 1882 762 1929 unde
779 1881 1047 1945 dignitatem
1062 1883 1183 1931 suam
1194 1882 1461 1943 sustinerent,
1496 1888 1519 1914 *
1554 1882 1772 1947 sapienter
1781 1884 2080 1930 existimarunt
2093 1888 2118 1919 Α
2129 1890 2186 1924 19·

429 1949 490 1995 ab
506 1948 595 1996 illis
611 1944 742 2000 rebus
757 1945 1055 2009 incipiendum
1070 1962 1164 2010 quae
1180 1945 1269 1993 fine
1283 1944 1453 1992 damno
1469 1947 1725 2008 cujusquam
1744 1960 1777 1991 tr
1788 1945 1879 1992 ibui
1896 1945 2080 2007 possint,

429 2008 685 2072 cujufinodi
718 2007 814 2053 sunt
847 2022 917 2053 res
945 2024 1102 2056 omnes
1135 2024 1231 2069 quae
1257 2008 1302 2054 in
1329 2006 1580 2057 dominium
1597 2007 1755 2054 nullius
1773 2022 2080 2069 pervenerunt.

431 2074 542 2136 Qo
555 2074 654 2132 jure
669 2069 771 2116 usos
789 2070 837 2115 δε
853 2070 1094 2135 AEgyptios
1120 2070 1274 2117 video,
1309 2069 1439 2116 Nam
1474 2069 1599 2116 &ibi
1618 2085 1775 2132 regum
1793 2085 2075 2131 procurator,
2095 2106 2186 2131 ΧΗ,

429 2151 567 2198 quem
577 2129 666 2180 2¹on
682 2133 783 2191 λόφων
797 2132 1036 2188 vocabant,
1056 2132 1310 2181 vindicabat
1327 2147 1399 2179 res
1409 2133 1501 2192 ejus
1515 2134 1703 2194 generis.
1747 2130 1901 2178 Potuit
1927 2147 2076 2178 autem
2096 2123 2204 2177 com:
2229 2145 2302 2178 ine.

429 2198 506 2246 lex
531 2196 668 2243 etiam
702 2207 805 2241 ante
834 2198 1180 2257 occupationem
1213 2195 1373 2241 harum
1391 2209 1540 2240 rerum
1558 2193 1810 2240 dominium
1826 2193 2077 2248 transferre,
2097 2199 2274 2235 9²⁶⁶m⁷⁷¹=

430 2267 535 2307 cum
553 2257 612 2304 ad
629 2257 884 2303 dominium
902 2257 1244 2319 producendum
1255 2257 1329 2302 lex
1339 2255 1431 2303 sola
1445 2255 1646 2302 sufficiat.
2094 2246 2217 2282 p⁴'''²’
2230 2246 2258 2273 ς’
2271 2236 2293 2273 ⁸
2305 2257 2319 2270 ‘

497 2320 539 2370 V
557 2319 594 2367 Ι.
631 2321 740 2382 Qo
770 2318 920 2366 modo
934 2318 1235 2376 fierae,eodum
1255 2320 1538 2380 acquiruntur
1570 2321 1595 2348 *
1630 2319 1679 2363 Sc
1694 2317 1779 2363 alia
1801 2312 1982 2364 daim&
2002 2352 2009 2363 .
2027 2316 2075 2361 id

431 2382 510 2438 est,
527 2398 595 2429 res
614 2382 728 2428 hero
742 2396 963 2429 carentes.
977 2382 1102 2429 Nam
1119 2384 1168 2428 &
1184 2381 1264 2436 hae,
1283 2381 1314 2427 si
1331 2395 1537 2427 naturam
1555 2378 1693 2426 solam
1711 2378 1931 2440 sequimur
1949 2416 1961 2431 ,
1981 2375 2076 2423 sunt

430 2445 697 2496 invenientis
728 2445 777 2490 δέ
809 2446 1081 2506 occupantis.
1115 2443 1190 2492 Sic
1207 2443 1435 2491 Acanthos
1466 2440 1600 2488 insula
1633 2440 1803 2488 deserta
1821 2440 2078 2497 adjudicata
2097 2438 2182 2471 '’²¹⁴²-
2195 2436 2282 2484 quast
2300 2463 2310 2473 ·

431 2507 494 2556 est
504 2504 869 2554 Chalcidensibus
883 2509 959 2569 qui
975 2509 1432 2569 prioresintraverant
1451 2543 1462 2559 ‚
1499 2519 1591 2549 non
1609 2502 1786 2550 Andriis
1815 2504 1889 2565 qui
1908 2503 2081 2565 priores
2099 2486 2160 2518 Gr·
2178 2494 2234 2530 ²⁹·

431 2568 625 2631 jaculum
642 2568 916 2616 immiserant
936 2572 1060 2632 :quia
1074 2568 1348 2633 possessionis
1359 2567 1531 2612 initium
1550 2565 1609 2611 est
1625 2565 1830 2627 corporis
1845 2564 1901 2611 ad
1918 2579 2084 2626 corpus

431 2629 665 2690 adjunctio
685 2667 696 2685 ,
714 2631 853 2692 qualis
871 2633 989 2678 circa
1021 2647 1090 2679 res
1107 2630 1298 2677 mobiles
1318 2668 1330 2686 ‚
1348 2629 1551 2674 maxime
1580 2628 1629 2673 fit
1645 2626 1859 2676 manibus,
1876 2627 1996 2672 circa
2014 2640 2085 2670 res

430 2692 514 2742 soli
580 2691 752 2738 edibus·
784 2691 912 2740 Scire
941 2692 1017 2741 ubi
1033 2710 1104 2742 res
1115 2692 1177 2740 est
1191 2731 1203 2750 ,
1220 2708 1313 2741 non
1338 2690 1402 2738 est
1417 2692 1613 2753 repetire
1631 2724 1642 2740 ,
1660 2704 1708 2735 ut
1731 2689 1946 2736 habemus
1965 2685 2086 2751 apud

433 2754 532 2804 Ovi
568 2756 660 2801 ium
676 2754 870 2800 Metam.
890 2772 936 2801 v.

497 2816 622 2864 V11.
655 2815 777 2862 Inter
791 2814 986 2866 οἰδῖποῧι,
1003 2815 1100 2863 sunt
1117 2817 1166 2863 δε
1179 2815 1389 2870 thesauri,
1405 2813 1453 2860 id
1465 2814 1526 2860 est
1542 2851 1554 2870 ‚
1572 2814 1763 2875 peeuniae
1793 2828 1981 2874 quatum
1993 2809 2080 2857 do·
2104 2820 2143 2853 L.
2155 2825 2171 2852 ι
2181 2825 2195 2852 r
2206 2826 2237 2852 ι.
2252 2810 2293 2851 de

434 2879 583 2928 minus
598 2881 845 2940 ignoratur.
866 2878 993 2941 quod
1020 2893 1169 2924 autem
1187 2895 1275 2925 non
1298 2893 1484 2940 apparet
1517 2892 1600 2938 pro
1617 2892 1675 2922 eo
1690 2875 1752 2921 est
1766 2875 1885 2935 quasi
1901 2889 1991 2920 non
2009 2871 2060 2918 fit
2074 2886 2087 2918 ε
2103 2865 2256 2912 acq.poff.

434 2956 572 3004 quare
588 2942 636 2986 &
652 2938 847 2986 thesauri
879 2940 1135 2987 naturaliter
1151 2942 1259 2986 fiunt
1274 2940 1521 2986 inventoris
1541 2976 1551 2992 ‚
1588 2938 1635 2985 id
1654 2937 1714 2984 est
1746 2939 1843 2996 ejus
1872 2938 1948 2998 qui
1979 2935 2084 2980 loco

436 3003 637 3052 moverit
653 3000 997 3063 apprehenderit
1030 3017 1102 3048 ue.
1137 3003 1305 3062 Neque
1323 3015 1472 3047 tamen
1487 2999 1537 3056 id
1549 2999 1693 3047 obstat
1710 3015 1802 3060 quo
1821 3002 1967 3048 minus
1984 2998 2008 3025 *
2026 2996 2092 3041 le-

435 3065 569 3130 gibus
584 3077 660 3110 aut
675 3062 877 3109 moribus
908 3063 993 3111 aliu
1044 3064 1250 3111 constitui
1280 3063 1429 3123 poffit.
1464 3062 1598 3123 Plato
1626 3061 1955 3126 magistratibus
1978 3058 2090 3105 indi-

437 3128 558 3174 cium
577 3126 671 3173 fieri
691 3124 871 3181 vult,·&
885 3124 1117 3171 oraculum
1131 3125 1298 3172 consuli
1316 3126 1390 3172 1⁴&
1407 3124 1672 3184 Apollonius
1704 3122 1956 3169 thesaurum
1975 3119 2094 3181 quafi

442 3188 538 3236 Dei
571 3187 838 3234 beneficium
869 3188 910 3232 ei
940 3184 1229 3245 adjudicabat
1244 3188 1319 3249 qui
1349 3185 1425 3253 ipfi
1443 3188 1643 3248 optimus
1672 3185 1921 3233 videbatur.
1958 3181 2093 3243 Apud
2114 3181 2323 3219 phi&effi-¹¹·

433 3249 657 3301 Hebraeos
675 3261 924 3312 receptum,
958 3247 986 3277 *
1027 3261 1077 3295 ut
1094 3247 1288 3298 domino
1305 3250 1399 3314 agri
1417 3248 1645 3299 thesaurus
1669 3246 1878 3302 eederet,
1913 3243 2094 3293 videtur
2118 3242 2172 3277 ’ς’

1381 3308 1434 3358 Ν
1468 3325 1493 3378 3
1938 3305 2096 3370 colligi

2101 2051 2141 2084 St
2145 2050 2214 2084 rabo
