2380 3917
93 373 136 426 ς.
155 378 232 414 vx·

96 488 140 544 §a
155 504 266 540 VII·

117 1747 320 1803 §.vnx-

327 307 406 347 204
717 294 1596 334 nsslvnssnfittx

399 373 450 409 Et
461 365 541 409 alia
551 356 772 414 ἂδῖαποῖφ]
807 356 974 407 balenae
997 357 1148 417 ejestae
1171 359 1293 422 regis
1308 356 1406 409 sunt
1428 359 1477 405 in
1493 357 1734 408 Lufitania.
1766 355 1999 426 Georgius

329 423 391 470 de
406 423 605 472 Cabedo
619 420 758 469 decis.
774 419 911 467 Lufit.
926 434 1057 486 parte
1075 434 1099 466 1
1109 435 1150 477 1,
1167 418 1277 466 dec.
1287 436 1411 468 xtvx
1422 437 1442 467 1
1453 437 1499 468 1.

396 497 447 533 Le
471 492 555 534 ibus
566 503 640 533 aut
649 488 817 533 moribus
830 486 851 539 ]
887 482 1158 543 Bybliorum
1175 481 1293 541 Lex,
1310 487 1415 548 quod
1426 503 1501 531 non
1506 485 1660 546 pqsussti'
1673 502 1721 532 ne
1731 487 1864 532 tollas.
1878 483 2000 533 Pro-

329 549 408 598 bat
422 509 472 597 j}
491 549 760 612 Apollonius
775 545 897 609 apud
916 545 1256 594 Philostratum.

400 626 450 660 Vt
462 616 613 660 dommo
629 620 714 672 agri
728 613 933 670 thesaurus
949 611 1126 665 cederet]
1163 608 1212 655 id
1242 609 1313 668 jus
1342 610 1483 658 etiam
1497 606 1659 659 Romae
1673 609 1912 662 obtinuiffe
1928 611 2001 662 Vi·

333 677 467 724 detur
488 674 634 723 Plauti
649 687 879 736 tempore.
912 673 976 719 ait
990 672 1112 720 enim
1130 670 1345 720 Callicles
1359 691 1375 724 ς

401 745 483 803 Qn'
499 741 636 800 emiffit
650 740 771 798 ejusne
785 740 833 789 ι’[ὶ
847 756 893 783 ea
905 741 1090 799 pecunia?

335 801 502 851 deinde
519 816 532 849 :

511 872 646 928 Atque
664 880 750 908 eum
765 863 792 907 ἃ
809 881 868 908 me
880 865 954 924 lege
960 864 1088 924 populi
1096 864 1274 924 patrium
1284 863 1447 922 pofteret
1458 898 1474 918 ‚

513 943 634 974 emtor
649 929 800 980 edium,
819 928 1061 983 thesaurum.

405 991 602 1049 Historia]
638 986 759 1035 Vide
771 987 992 1035 Tacitum
1007 985 1068 1034 de
1082 983 1301 1033 thesauris
1317 985 1362 1031 in
1372 983 1529 1033 Africa
1545 1000 1661 1049 quos
1677 984 1814 1032 Nero
1827 981 1902 1047 spe
1918 982 2003 1031 de-

338 1066 600 1109 voraverat,
618 1051 859 1098 Annalium
879 1066 993 1098 XVI·
1028 1048 1137 1098 vide
1154 1047 1473 1097 Philostratum
1486 1048 1548 1097 de
1564 1050 1658 1099 vita
1671 1046 1814 1096 Attici
1832 1085 1844 1105 ,
1863 1063 2004 1109 quem

338 1118 494 1164 locum
513 1114 723 1161 Zonaras
737 1111 1004 1178 transtripfit
1020 1114 1066 1160 in
1081 1110 1258 1160 Nerva.

406 1180 655 1240 Iampridii]
689 1179 737 1222 in
751 1176 952 1224 Adriano
967 1178 1015 1223 &
1027 1174 1218 1224 Severo.

409 1252 456 1289 In
473 1241 715 1295 Germania]
753 1238 859 1287 vide
874 1238 1099 1302 speculum
1112 1237 1389 1286 Saxonicum
1405 1254 1446 1284 c.
1469 1253 1489 1303 3
1503 1249 1545 1297 ς.
1578 1234 1945 1284 constitutiones
1960 1235 2007 1282 in

345 1304 500 1354 Sicilia
514 1302 731 1351 Friderici
746 1302 822 1350 lib.
845 1317 866 1349 1
876 1341 888 1359 ‚
907 1303 979 1356 tit.
997 1317 1112 1349 Lv11
1123 1317 1144 1348 1
1161 1338 1172 1353 ‚
1190 1302 1239 1347 δε
1254 1317 1305 1348 c1
1318 1316 1339 1347 1
1350 1316 1392 1347 1.
1415 1300 1546 1348 Idem
1561 1299 1753 1348 Gotthis
1765 1314 1884 1346 mos.
1900 1297 2008 1345 Rex

345 1365 697 1418 Theuderichus
708 1366 830 1430 apud
848 1363 1177 1414 Caffiodorum
1198 1380 1273 1420 xv,
1293 1375 1355 1431 34
1377 1380 1387 1411 :
1406 1374 1494 1411 Non
1507 1367 1559 1423 est
1571 1365 1759 1425 cupiditas
1777 1369 1916 1424 eripere
1929 1380 2009 1424 qua

346 1438 473 1481 nullus
480 1433 524 1491 se
538 1434 712 1477 dominus
728 1433 944 1492 ingemiscat
959 1430 1127 1492 amififfi.
1162 1427 1287 1475 idern
1302 1442 1378 1483 VI,
1395 1423 1438 1476 8,
1472 1427 1724 1488 Depofitiones
1743 1443 1890 1489 quoque
1895 1439 2011 1486 pecu-

348 1503 418 1543 κὶα
435 1530 449 1550 ‚
477 1511 552 1557 qua
566 1497 675 1555 longa
692 1496 878 1551 vetustate
902 1506 1140 1554 competentes
1157 1494 1325 1539 domines
1340 1493 1548 1550 amtfirunt
1564 1524 1576 1539 ,
1605 1488 1844 1552 inqutfitione
1857 1505 1928 1535 tua
1943 1506 2011 1535 no-

341 1561 428 1617 stris
453 1559 679 1618 applicentur
694 1560 858 1606 erariis,
893 1572 940 1602 ut
954 1560 1050 1619 quia
1063 1556 1141 1614 fica
1169 1558 1316 1601 cancros
1338 1560 1513 1614 patimur
1521 1551 1700 1614 polfidere
1717 1587 1730 1606 ‚
1764 1553 1893 1598 aliena
1907 1552 2014 1597 nobis

352 1623 513 1667 debeant
529 1621 688 1666 libenter
703 1620 842 1680 offerre.
868 1619 952 1680 fine
979 1619 1122 1664 damno
1135 1620 1292 1681 quidem
1305 1623 1474 1664 inventa
1480 1618 1614 1678 perdit
1636 1647 1649 1664 ‚
1681 1617 1752 1678 qui
1761 1617 1922 1677 propria
1935 1631 2012 1661 non

349 1687 519 1730 amittit.

419 1748 678 1791 Recentiorum
704 1748 822 1790 etiam
845 1748 984 1805 integri
1012 1743 1316 1797 commentarii]
1351 1739 1565 1787 Iohannis
1595 1739 1752 1787 Boreo
1773 1775 1785 1794 ,
1822 1735 2012 1783 Antonii

352 1805 514 1852 Maxsae
529 1844 540 1859 ,
571 1804 783 1873 Iohannis
805 1804 1113 1870 Gryphiandri
1132 1843 1144 1861 ,
1175 1819 1338 1868 praeter
1362 1818 1417 1850 ea
1442 1818 1640 1866 quorum
1656 1801 1842 1849 nomina
1857 1797 2015 1846 suntin

352 1881 504 1915 textus
516 1880 737 1930 margine.

424 1933 600 1978 Vtilitate
623 1932 798 1990 quadam
826 1933 1128 1979 muniendarum
1159 1932 1369 1992 riparum]
1405 1930 1511 1977 vide
1539 1927 1696 1975 locum
1723 1924 1865 1975 Caffii
1891 1925 2014 1989 apud

353 1991 574 2041 Vrbicum
590 1991 637 2037 δε
649 1989 881 2038 Boetium.

422 2062 530 2102 Prius
547 2070 669 2101 terras
678 2058 808 2117 populi
822 2070 1050 2118 occuparunt
1073 2056 1094 2110 ]
1129 2053 1236 2101 vide
1253 2069 1350 2116 quae
1365 2055 1496 2118 supra
1510 2057 1557 2102 in
1574 2067 1702 2102 textu
1715 2055 1763 2102 δε
1779 2052 1900 2100 notis
1915 2066 2016 2116 cap.

356 2133 382 2166 1
394 2133 414 2165 1
426 2133 447 2164 1
457 2157 467 2174 ,
489 2119 529 2173 ὁ.
547 2131 568 2162 1
610 2148 624 2165 .

425 2183 533 2226 Idem
557 2129 607 2234 e}
635 2182 683 2223 de
702 2184 789 2242 ripa
806 2184 1012 2229 tenendum
1027 2182 1109 2240 est]
1148 2176 1224 2225 Sic
1239 2178 1284 2225 in
1299 2178 1447 2227 Gallia
1463 2181 1660 2229 obtinet.
1694 2177 1909 2227 SanCtion
1933 2176 2018 2224 des

353 2243 483 2292 Eaux
499 2243 548 2288 &
563 2240 739 2288 Forests
757 2241 834 2289 lib.
855 2259 928 2301 11,
946 2260 985 2291 c.
1006 2259 1049 2290 1.

426 2315 518 2370 <2233ae
535 2312 575 2352 in
589 2306 743 2362 flumine
755 2309 903 2361 natat]
934 2304 1198 2369 Descriptio
1216 2306 1466 2354 natantium
1483 2304 1722 2352 insularum
1740 2302 1858 2368 apud
1878 2302 2019 2350 Sene-

356 2386 458 2417 cam
474 2366 763 2415 Naturalium
777 2384 797 2414 1
809 2383 829 2414 1
842 2383 881 2425 1,
896 2381 978 2429 25.
1014 2368 1213 2417 Plinium
1231 2371 1459 2428 majorem
1474 2367 1555 2415 lib.
1572 2384 1591 2414 1
1604 2384 1644 2424 1,
1664 2384 1707 2414 c.
1722 2382 1838 2414 xCVI
1849 2382 1890 2415 1.
1908 2366 2019 2413 Ma-

352 2431 566 2480 crobium
583 2446 606 2476 1
629 2429 929 2479 Saturnalium
952 2447 974 2477 1
996 2470 1008 2489 ‚
1033 2449 1084 2488 7.
1114 2431 1309 2496 Elegans
1324 2430 1483 2478 talium
1494 2432 1538 2478 in
1561 2430 1819 2479 Vadimone
1833 2429 1930 2475 lacu
1945 2430 2019 2476 in-

355 2495 551 2542 sularum
564 2493 807 2557 descriptio
822 2494 940 2555 apud
959 2493 1154 2543 Plinium
1170 2496 1397 2541 minorem
1412 2492 1494 2542 lib.
1514 2510 1567 2542 v1
1579 2509 1600 2540 1
1612 2509 1703 2551 1‚C·
1717 2510 1796 2540 xx.
1823 2493 1871 2539 ὃ(
1887 2491 2019 2540 Flan-

355 2558 585 2606 dricarum
599 2559 645 2603 in
661 2556 782 2604 libro
800 2556 915 2603 lectu
931 2556 1075 2622 digno
1093 2555 1334 2604 chiffletii.

425 2628 462 2667 Si
484 2623 630 2682 flumen
661 2624 782 2681 ipsum
801 2623 852 2677 ῤ’
870 2639 955 2666 cum
982 2640 1021 2667 eo
1048 2624 1183 2666 alveus
1199 2622 1227 2664 22
1247 2622 1378 2681 populo
1393 2626 1559 2683 occupati
1573 2639 1647 2665 non
1663 2621 1798 2680 effim]
1841 2616 2017 2665 Siculus

358 2684 541 2732 Flaccus
559 2681 677 2728 libro
695 2681 754 2730 de
771 2681 1113 2729 conditionibus
1140 2697 1387 2744 agrorum:
1420 2692 1467 2730 In
1480 2685 1711 2746 quibusdam
1726 2685 1933 2744 regionibus
1936 2683 2018 2741 βαι

361 2752 473 2792 minias
491 2749 622 2791 modus
638 2746 878 2805 affignationi
894 2764 927 2790 ce
956 2763 985 2791 tt
1004 2768 1015 2791 :
1045 2751 1087 2792 in
1103 2748 1338 2807 quibusdam
1353 2761 1487 2792 autem
1514 2762 1668 2791 tantum
1684 2747 1903 2805 subsecivus
1925 2747 2021 2791 reli-

362 2815 444 2853 ἱῖιις
460 2811 517 2865 cst.
556 2811 658 2852 Aliis
672 2825 804 2854 autem
820 2822 989 2868 exceptus
1007 2842 1018 2857 ,
1048 2813 1338 2870 inscriptumque
1354 2846 1365 2863 ,
1399 2812 1563 2854 flumini
1575 2812 1630 2852 illi
1641 2812 1808 2853 ramum.
1842 2806 1901 2852 de
1919 2804 2021 2852 sub-

362 2869 523 2916 secivis
542 2868 646 2916 vide
662 2871 845 2933 egregia
863 2885 957 2931 quae
972 2869 1110 2916 habet
1128 2907 1140 2925 ‚
1171 2883 1222 2914 ut
1240 2871 1394 2916 omnia
1410 2869 1505 2916 sunt
1523 2869 1636 2916 illius
1655 2908 1667 2926 ‚
1704 2866 1944 2917 Salmasius
1961 2865 2021 2914 ad

362 2931 587 2978 Solinum.
624 2931 682 2977 de
707 2945 812 2979 toto
844 2932 937 2977 hoc
971 2946 1240 2996 argumento
1273 2932 1516 2979 fluviorum
1534 2933 1580 2977 &
1596 2932 1655 2978 flu
1663 2933 1846 2980 vialium
1875 2934 2021 2978 incre-

361 3009 621 3041 mentorum
642 2994 795 3040 videat
812 3032 823 3050 ,
854 2994 884 3040 fi
910 2996 983 3040 cui
1013 3008 1146 3042 vacat
1165 3033 1178 3050 ,
1210 2993 1555 3042 Rosenthalium
1573 2994 1631 3041 de
1647 2997 1746 3054 jure
1759 2994 2021 3043 Feudorum

363 3073 461 3119 cap.
479 3074 507 3103 v
527 3095 538 3112 ,
569 3057 713 3102 corol.
727 3070 805 3120 23.
841 3055 1067 3104 Sixtinum
1081 3056 1140 3102 de
1157 3055 1406 3119 Regalibus
1423 3057 1542 3105 libro
1563 3074 1637 3116 11,
1655 3074 1749 3121 cap.
1773 3072 1813 3122 3.
1836 3055 2022 3122 Caepol-

364 3120 453 3165 lam
473 3120 531 3165 dc
550 3118 835 3166 servitutibus
847 3119 1115 3166 rusticorum
1133 3120 1410 3181 praediorum
1422 3134 1493 3180 αξ
1506 3138 1523 3167 1
1533 3155 1546 3168 .

435 3187 611 3227 Flumina
629 3184 850 3242 cenfitorum
878 3189 961 3227 vice
975 3186 1087 3243 fungi
1102 3184 1123 3236 ]
1158 3182 1218 3228 de
1233 3184 1327 3247 agri
1345 3179 1550 3231 mensore
1569 3183 1896 3233 Cassiodorus:
1911 3192 2022 3229 More

368 3245 558 3301 vastzffimi
573 3246 740 3305 fluminis
755 3247 841 3289 altis
850 3248 979 3304 spatia
995 3250 1110 3300 tollit,
1125 3249 1313 3306 aliisjura
1325 3252 1500 3294 concedit.

430 3309 476 3349 Id
488 3325 559 3366 quo
580 3310 692 3366 pedes
704 3309 877 3367 gladium
894 3311 1079 3367 exsertum
1097 3323 1222 3355 tenens
1231 3312 1348 3369 potest
1356 3311 1601 3375 pertingere]
1639 3323 1697 3356 ex
1724 3307 2020 3357 vetustiffimo

1820 3372 2021 3419 Germa-
