2475 3854
749 260 1708 306 Acracts‚ttn.11.
1989 265 2065 314 285

403 332 433 366 ‘⁸
469 333 532 382 Vt
554 326 679 394 quod
695 329 916 395 permittit
926 328 1058 375 cedat
1076 329 1117 377 ei
1134 327 1259 391 quod
1275 328 1424 388 jubet:
1446 331 1551 393 quia
1567 332 1642 392 qui
1657 330 1880 392 permittit
1891 331 2060 395 aliquid

402 397 468 443 ita
481 396 746 459 permittere
763 391 942 439 videtur
960 430 972 447 ,
992 390 1066 437 nifi
1079 389 1198 438 aliud
1215 391 1324 452 quid
1343 391 1487 439 obstet
1503 429 1514 449 ,
1546 409 1679 453 quam
1702 392 1760 439 de
1777 410 1869 462 quo
1887 394 1947 440 ibi
1964 396 2063 459 agi-

404 474 476 505 tur
495 475 505 506 :
524 456 734 516 ideoque,
752 469 802 501 ut
818 455 879 500 ait
891 453 1099 516 Scriptor
1116 453 1175 500 ad
1189 453 1470 501 Herennium
1489 493 1500 512 ‚
1519 457 1617 517 plus
1641 455 1760 503 valet
1777 456 1943 503 sanctio
1957 474 2062 520 pet-
2081 458 2174 496 Libro
2187 464 2243 505 ¹3·

402 518 628 566 miffione.
645 516 707 565 Vt
725 516 851 580 quod
865 515 1119 563 faciendum
1136 516 1196 562 est
1212 531 1342 564 certo
1359 530 1567 581 tempore
1584 520 1624 564 ei
1638 518 1913 580 praeferatur,
1931 521 2062 583 quod

404 583 566 644 quovis
584 595 794 643 tempore
811 580 905 625 fieri
920 579 1091 642 potest:
1121 578 1240 625 unde
1255 578 1450 642 sequitur
1465 594 1514 627 ut
1527 580 1792 643 plerumque
1819 581 1965 643 pactio
1982 599 2062 630 ve-

403 657 503 691 tans
516 645 665 692 vincat
682 642 928 702 jubentem,
947 642 1050 703 quia
1062 640 1208 705 pastio
1226 656 1378 690 vetans
1392 640 1567 705 obligat
1584 643 1642 690 aci
1658 643 1854 705 quodvis
1868 659 2062 708 tempus,

403 705 564 768 jubens
581 720 670 751 non
681 707 791 752 item
809 743 821 760 ,
841 703 919 750 nifi
950 718 1027 750 aut
1058 719 1235 767 tempus
1265 704 1316 750 fit
1333 705 1584 766 expressum
1604 744 1616 761 ,
1630 719 1707 752 aut
1724 705 1857 765 jussio
1871 709 2060 755 tacitam

406 767 758 832 prohibitionem
775 768 1021 813 contineat.
1057 765 1179 812 Inter
1196 781 1271 813 eas
1287 766 1518 828 pactiones
1541 783 1634 830 quae
1649 766 1903 829 supradictis
1919 770 2063 830 quali-

405 830 574 876 tatibus
589 845 720 893 pares
735 828 845 885 sunt,
863 843 911 875 ut
926 825 1183 890 praeferatur
1196 828 1320 891 quod
1333 832 1475 894 magis
1491 829 1804 892 eit-peculiare,
1819 830 1869 876 δε
1884 832 1942 877 ad
1961 848 2060 879 rem

405 894 594 956 propius
607 891 809 938 accedit:
828 900 933 936 nam
948 889 1091 937 solent
1106 890 1309 953 specialia
1324 890 1577 939 efficaciora
1592 891 1677 938 effe
1693 892 1994 956 generalibus.
2010 896 2061 941 δε

403 955 450 1002 in
465 953 866 1019 prohibitionibus,
886 966 936 999 ut
948 969 1042 1014 quae
1060 970 1238 1016 poenam
1254 954 1511 1013 adjunctam
1523 952 1659 1001 habet
1671 958 1711 1002 ei
1729 971 1822 1018 quae
1839 971 1969 1018 poena
1986 972 2061 1003 va-

406 1033 480 1064 cat
497 1055 509 1074 ,
529 1018 578 1062 &
591 1032 686 1077 quae
704 1017 927 1075 majorem
945 1031 1125 1077 poenam
1142 1018 1340 1064 minatur
1355 1019 1395 1061 ei
1412 1033 1503 1080 quae
1519 1018 1740 1065 minorem
1758 1055 1769 1074 ‚
1786 1017 2065 1081 praeferatur.

406 1079 534 1127 Tum
554 1093 664 1126 vero
678 1093 728 1125 ut
753 1078 925 1140 superet
959 1079 1088 1140 quod
1116 1079 1265 1126 causas
1294 1078 1431 1126 habet
1450 1116 1460 1129 ,
1479 1094 1555 1126 aut
1573 1081 1714 1143 magis
1730 1079 1932 1127 honestas
1952 1119 1964 1137 ,
1983 1095 2062 1128 aut

407 1144 556 1206 magis
569 1141 714 1188 utiles.
745 1140 969 1187 Extremo
994 1140 1102 1187 loco
1121 1177 1133 1191 ‚
1160 1154 1208 1188 ut
1223 1141 1348 1203 quod
1373 1141 1603 1203 postremo
1630 1141 1798 1189 dietum
1816 1140 1876 1187 est
1892 1146 2061 1191 vincat.

406 1204 525 1253 Illud
541 1220 599 1249 ex
614 1202 912 1267 superioribus
940 1203 1016 1249 hic
1031 1204 1325 1268 repetendum
1340 1200 1398 1251 est
1417 1244 1427 1260 ,
1446 1205 1677 1267 pastorum
1694 1206 1945 1266 juratorum
1958 1221 2060 1252 eam

407 1268 493 1314 effe
508 1267 601 1314 vim
617 1304 629 1323 ,
662 1279 714 1312 ut
743 1265 933 1327 intelligi
960 1265 1153 1314 debeant
1184 1266 1428 1314 secundum
1452 1266 1795 1329 receptissimam
1810 1270 2063 1330 proprieta-

407 1344 520 1387 tem,
536 1329 586 1374 &
602 1343 650 1374 ut
664 1343 822 1375 omnes
838 1328 1132 1377 restristiones
1146 1331 1302 1376 tacitas
1322 1367 1334 1385 ‚
1363 1330 1413 1376 δε
1427 1347 1484 1376 ex
1512 1342 1665 1376 natura
1682 1331 1745 1375 rei
1764 1344 1854 1375 non
1872 1332 2062 1377 omnino

407 1390 664 1440 necessarias
691 1429 703 1447 ‚
741 1405 884 1451 quam
914 1393 1115 1438 maxime
1144 1391 1382 1453 repudient
1397 1427 1407 1436 .
1458 1393 1616 1455 Qare
1646 1392 1695 1436 δι
1725 1392 1755 1437 fi
1787 1394 1976 1448 juratum
1991 1408 2066 1455 pa-

407 1454 530 1501 &um
547 1468 651 1499 cum
667 1468 757 1500 non
768 1454 918 1512 jurato
944 1462 1111 1516 pugnet
1123 1468 1252 1501 certo
1269 1468 1431 1501 eventu
1450 1492 1463 1511 ,
1490 1458 1517 1486 *
1550 1451 1877 1517 praeferendum
1890 1456 1975 1501 erit
1990 1456 2064 1501 cui

407 1516 530 1565 adest
537 1513 822 1576 jurisjurandi
838 1515 1020 1577 religio.

473 1578 522 1626 X
536 1576 657 1625 XX.
692 1576 821 1625 Solet
837 1577 886 1623 &
902 1577 991 1623 hoc
1007 1579 1156 1639 quaeri,
1173 1594 1228 1626 an
1244 1581 1287 1627 in
1298 1577 1438 1626 dubio
1454 1578 1706 1626 contractus
1719 1575 1942 1642 perfeEtus
1958 1594 2063 1626 cen-

409 1640 493 1689 seri
510 1638 674 1687 debeat
688 1653 927 1701 antequam
945 1638 1157 1703 {criptura
1170 1641 1377 1688 confecta
1391 1641 1454 1691 fit,
1474 1643 1521 1687 δι’
1538 1642 1719 1687 tradita.
1749 1640 1876 1687 Nam
1889 1638 1937 1685 id
1953 1641 2068 1687 Mu·
2084 1644 2161 1688 ΛΡ·
2170 1638 2287 1676 '‘1³¹7’'-

410 1720 518 1752 rena
528 1701 787 1750 causabatur
806 1701 860 1748 ad
868 1699 1018 1749 versus
1034 1718 1088 1749 ea
1105 1718 1199 1765 quae
1215 1704 1330 1749 inter
1346 1702 1516 1762 Syllam
1544 1704 1592 1748 δε
1614 1703 1934 1750 Mithridatem
1951 1719 2064 1750 con·-

411 1779 641 1813 venerant.
656 1764 774 1810 Mihi
786 1778 991 1826 apertum
1006 1765 1200 1822 videtur,
1219 1767 1262 1811 ni
1280 1765 1399 1811 aliud
1415 1767 1699 1821 convenerit,
1730 1769 1756 1795 *
1768 1763 2062 1822 credendum,

409 1829 673 1891 scripturam
689 1825 908 1882 adhiberi,
920 1841 972 1873 ut
988 1842 1330 1874 monumentum
1343 1826 1598 1874 contractus
1617 1866 1628 1883 ,
1654 1842 1744 1873 non
1758 1842 1809 1873 ut
1826 1826 2066 1875 substantiae

411 1894 509 1954 ejus
522 1903 720 1955 partem.
736 1888 919 1950 Alioqui
934 1891 1126 1950 exprimi
1143 1889 1189 1935 id
1203 1888 1325 1947 solet,
1341 1904 1392 1936 ut
1406 1891 1450 1936 in
1466 1890 1656 1936 induciis
1670 1904 1773 1935 curn
1789 1887 1993 1938 Nabide:
2008 1902 2067 1936 Ex
2081 1902 2284 1937 Liviuslibro

414 1974 496 2020 qua
510 1958 569 1999 die
584 1956 768 2013 descripta
782 1955 1005 1999 conditiones
1021 1955 1125 1999 edita
1143 1956 1294 1998 Nabidi
1312 1959 1459 2014 forent.
2082 1958 2220 1983 ¹³¹⁸*-

474 2015 583 2065 XX
594 2013 643 2060 X
660 2014 694 2060 Ι.
728 2011 844 2060 Illud
853 2028 963 2060 vero
983 2029 1073 2061 non
1090 2013 1326 2060 admittam
1341 2013 1467 2074 quod
1481 2009 1741 2073 quibusdam
1754 2012 1933 2076 placuit,
1947 2029 2060 2059 con·
2080 1997 2201 2087 JJ-“V‘
2217 1996 2296 2042 ⁶⁰''s'

411 2078 580 2125 tracffls
594 2092 752 2141 regum
767 2077 814 2121 δε
831 2075 1108 2138 populorum
1124 2092 1335 2138 quantum
1349 2076 1442 2121 fieri
1460 2073 1602 2138 potest
1613 2074 1975 2138 interpretandos
2003 2090 2062 2131 ex

413 2142 511 2200 jure
528 2140 769 2187 Romano:
790 2137 866 2184 nifi
881 2153 1093 2199 appareat
1120 2140 1234 2184 inter
1246 2137 1463 2200 quosdam
1489 2135 1681 2200 populos
1708 2141 1777 2197 jus
1807 2136 1916 2183 illud
1931 2137 2064 2183 civile

413 2204 460 2248 in
477 2203 545 2249 his
557 2219 651 2264 quae
665 2202 773 2262 juris
789 2199 886 2246 sunt
900 2202 1102 2264 gentium
1123 2238 1135 2256 ,
1153 2202 1290 2247 etiam
1304 2216 1390 2261 pro
1402 2201 1502 2260 jure
1528 2199 1731 2263 gentium
1747 2213 1980 2260 receptum
1996 2198 2062 2245 ess·

415 2264 460 2312 se
479 2263 632 2327 :quod
649 2277 822 2310 temere
834 2262 1185 2324 praesumendum
1197 2278 1286 2308 non
1304 2262 1386 2308 est.

479 2328 530 2375 X
544 2325 594 2372 X
610 2324 660 2372 X
676 2324 744 2372 11.
780 2324 857 2371 De
880 2340 939 2372 eo
960 2340 1071 2372 vero
1085 2325 1212 2387 quod
1231 2324 1491 2370 Plutarchus
1517 2322 1563 2368 in
1582 2321 1863 2384 symposiacis
1884 2335 2058 2379 movet,
2084 2333 2144 2364 1¹·
2160 2324 2276 2370 Symp-

416 2388 732 2438 conditionem
749 2385 991 2441 offerentis,
1015 2403 1072 2433 an
1086 2387 1338 2451 accipientis
1367 2385 1506 2434 verba
1516 2384 1687 2431 attendi
1700 2387 1840 2432 maois
1856 2384 2065 2441 debeant,
2091 2378 2148 2414 13·

417 2454 481 2500 ita
492 2450 687 2505 videtur,
703 2463 808 2495 cum
826 2450 1044 2509 accipiens
1059 2450 1134 2496 hic
1151 2449 1200 2495 fit
1215 2450 1290 2511 qui
1306 2449 1537 2510 promittit
1557 2484 1567 2499 ‚
1593 2449 1687 2506 ejus
1699 2426 1835 2495 verba
1866 2447 2066 2494 formam

419 2516 530 2562 dare
544 2512 747 2573 negotio,
757 2509 787 2556 fi
804 2509 1007 2556 absoluta
1020 2513 1068 2557 δε
1083 2512 1126 2557 in
1144 2511 1186 2558 se
1198 2509 1393 2573 perfecta
1410 2510 1503 2556 fint.
1518 2508 1645 2556 Nam
1661 2509 1691 2556 fi
1708 2526 1786 2573 per
1800 2509 2067 2557 affirmatio-

419 2592 524 2624 nem
542 2573 773 2633 respiciant
783 2570 920 2619 v'erba
930 2572 1156 2620 offerentis
1171 2612 1182 2629 ‚
1203 2588 1309 2620 tunc
1322 2590 1374 2620 ea
1390 2571 1480 2634 ipsa
1494 2586 1550 2618 ex
1567 2586 1723 2618 natura
1743 2589 1906 2620 vocum
1922 2572 2073 2618 relati-

418 2653 578 2686 varum
595 2635 784 2696 repetita
799 2635 843 2679 in
861 2634 1157 2697 promiffione
1177 2635 1459 2682 videbuntur.
1484 2633 1737 2695 Antequam
1759 2650 1869 2682 vero
1887 2649 2071 2697 accepta

419 2700 472 2749 sit
489 2690 707 2751 conditi0‚
731 2711 786 2742 ne
801 2710 907 2742 eum
924 2696 1108 2760 quidem
1123 2699 1263 2744 teneti
1281 2700 1355 2758 qui
1377 2696 1545 2742 obtulit
1559 2735 1571 2752 ,
1602 2711 1777 2742 certum
1795 2696 1855 2744 est
1873 2732 1883 2746 ‚
1903 2696 2073 2742 nullum

419 2764 539 2809 enim
557 2760 703 2807 adhuc
720 2759 790 2818 jus
800 2758 1024 2818 quaefitum
1043 2759 1104 2805 est
1126 2798 1138 2816 ,
1152 2774 1201 2805 ut
1218 2775 1275 2805 ex
1292 2761 1358 2806 his
1375 2776 1467 2822 quae
1485 2757 1542 2803 de
1556 2758 1848 2819 promissione
1866 2758 1990 2821 supra
2002 2757 2076 2804 di-

420 2825 569 2873 ximus
585 2834 783 2886 apparet.
801 2820 858 2866 Et
875 2821 968 2868 haec
985 2820 1159 2868 oblatio
1171 2821 1444 2868 conditionis
1461 2822 1604 2867 minus
1624 2820 1683 2866 est
1708 2819 2012 2882 promissione.

832 2947 1128 3008 Annotata
1162 2945 1234 3006 ad
1275 2948 1473 3028 Caput
1507 2964 1641 3006 xvr.

425 3068 553 3222 V
574 3075 693 3132 rique
715 3073 776 3115 hic
797 3086 840 3113 ea
850 3072 1037 3128 reffiffime
1053 3075 1238 3118 intelleffa
1249 3074 1375 3127 sunt]
1412 3069 1533 3117 Vota
1548 3064 1934 3128 interpretendaut
1947 3080 2076 3111 com-
2097 3075 2134 3128 §.
2158 3086 2202 3120 1.

574 3132 767 3179 munitet
783 3127 1011 3178 sumuntur
1028 3146 1183 3178 notant
1200 3132 1379 3178 Hebraei
1392 3131 1449 3177 ad
1467 3130 1610 3176 Num·
1621 3146 1726 3174 xxx.

639 3203 726 3239 Non
744 3200 1008 3239 Grammatica
1019 3213 1094 3261 qua
1109 3198 1156 3252 est
1166 3213 1211 3240 ex
1246 3195 1415 3254 origine]
1445 3192 1564 3237 Bene
1597 3189 1844 3251 Procopius
1867 3185 2078 3250 Vandali:
2100 3193 2137 3248 ς,
2157 3208 2232 3242 11,

431 3271 596 3303 corum
612 3269 649 3301 1.
672 3253 748 3301 ubi
761 3252 820 3298 de
834 3268 948 3303 voce
963 3269 1057 3319 agit
1075 3253 1419 3306 Federatorum2
1435 3253 1604 3314 τέχςὸνδ
1616 3249 1673 3303 ὅδε
1686 3249 1945 3308 wwpv'oess
1963 3250 2021 3301 ἔφ’
2035 3252 2080 3290 0⁵¹

1534 3348 1537 3351 -
1890 3315 2081 3367 τέθεινται,
