2380 3917
322 384 395 433 568
714 372 1575 417 nexvnnnettt

326 468 399 494 non
420 448 469 505 est
484 463 528 491 ex
537 443 790 505 perduellium
807 462 960 489 numero
972 443 1162 501 definitus.-
1185 459 1271 489 cum
1291 445 1359 488 hoc
1369 460 1434 490 nec
1439 443 1536 500 fides
1565 443 1632 504 effe
1659 442 1770 488 debet
1796 459 1862 489 nec
1881 443 2008 503 jusjua

91 504 307 542 11¹⁶·*¹¹·‘²⁶
328 513 493 555 randum
510 525 716 552 commune.
753 506 829 554 Dc
849 519 1044 566 tyranno
1074 504 1216 550 ctiam
1245 502 1443 552 Seneca:
1477 507 1677 567 Qicquid
1709 521 1794 552 erat
1812 523 1885 568 quo
1906 508 2009 550 mihi

91 553 193 598 belus.

110 1579 148 1615 t.
164 1577 223 1626 5⁶·

116 2023 176 2072 off.
200 2030 281 2061 ιιι.

131 2832 319 2866 Luh.H.c.

134 2885 232 2916 xnz
268 2888 304 2922 7.

138 3077 206 3109 Ich.
231 3083 283 3116 ιι,

137 3129 277 3167 capum·

328 575 517 617 cohi-reret
533 571 711 626 intercisa
725 575 824 627 juria
839 572 1001 614 humani
1010 570 1169 626 fhcictas
1182 570 1361 626 abscidit.
1398 567 1467 614 Ex
1483 581 1575 630 quo
1589 566 1719 613 fonte
1749 581 1880 613 error
1907 566 2009 612 Mi-

324 632 489 679 chaelis
513 629 688 691 Ephesii
710 629 938 692 profluxit,
958 631 1035 691 qui
1051 627 1110 674 ad
1127 629 1334 690 quintum
1353 628 1774 676 Nicomachiorum
1789 628 1907 678 dixit
1928 667 1941 685 ,
1959 628 2008 675 in

329 696 501 756 tyranni
520 708 712 739 uxorem
731 695 754 721 *
779 692 1050 739 adulterium
1061 707 1154 739 non
1164 693 1393 739 committi
1413 710 1424 742 :
1443 691 1571 756 quod
1587 689 1732 757 ipsum
1759 692 1856 754 pari
1878 706 2009 737 erro-

326 774 375 806 re
398 756 582 819 qnidam
619 760 643 786 *
684 754 937 802 Iudaeorum
953 753 1154 816 magistri
1178 754 1502 820 dealienigenis
1527 753 1742 801 dixerunt
1761 791 1775 810 ,
1809 769 2010 817 quorum

329 820 542 883 conjugia
559 834 642 881 pro
663 819 789 864 nullis
806 817 990 865 habent.
1008 818 1148 880 Atqui
1165 817 1272 865 belli
1288 818 1467 881 piratici
1477 833 1690 888 magnam
1721 831 1899 879 partem
1919 814 2010 862 Cn.

333 884 360 910 *
398 883 641 943 Pompcjus
654 880 935 943 padrionibus
952 879 1157 928 confecit
1175 919 1187 937 ‚
1205 882 1345 928 vitam
1360 881 1448 929 illis
1461 880 1690 944 pollicitus
1710 919 1722 936 ‚
1747 881 1794 925 &
1825 878 1950 925 sedes
1966 878 2012 923 in

333 946 496 1009 quibus
514 945 600 991 sine
620 958 752 1006 rapto
772 946 995 991 viverent.
1006 943 1062 990 Et
1080 947 1258 1003 tyranni
1273 943 1502 991 interdum
1519 944 1774 990 libertatem
1796 941 2012 988 reddide-

332 1024 449 1063 runt,
468 1009 784 1070 impunitatem
805 1006 1093 1068 pa&i.Caesar
1107 1006 1212 1053 belli
1230 1007 1371 1055 civilis
1388 1009 1530 1054 tertio
1546 1011 1574 1055 a
1588 1005 1810 1052 Romanis
1823 1002 2015 1050 ducibus

334 1088 436 1118 cum
461 1068 744 1132 praedonibus
763 1072 810 1115 &
824 1070 1043 1133 fugitivis,
1061 1071 1138 1130 qui
1155 1070 1199 1116 in
1220 1068 1427 1117 Pirenaeis
1445 1084 1572 1118 erant
1589 1069 1822 1115 montibus
1834 1105 1846 1123 ,
1865 1066 2015 1113 astum

335 1135 393 1181 de
414 1131 745 1195 compositione
763 1132 930 1180 scribit.
947 1136 1044 1195 quis
1057 1131 1238 1188 dixerit,
1254 1133 1284 1179 si
1299 1132 1410 1196 quid
1425 1131 1714 1187 convenisset,
1726 1130 1889 1177 nullam
1907 1127 2017 1175 inde

338 1197 599 1243 exstituram
615 1194 742 1242 fuisse
754 1196 1090 1260 obligationem
1109 1197 1130 1242 ?
1161 1195 1276 1242 Non
1294 1196 1460 1244 habent
1477 1195 1665 1258 quidem
1682 1193 1759 1241 ista
1774 1191 2018 1254 specialem

335 1260 462 1307 istam
483 1260 873 1314 communionem,
891 1276 1028 1321 quam
1041 1260 1159 1304 inter
1173 1259 1319 1306 hostes
1334 1262 1380 1306 in
1394 1258 1517 1306 bello
1530 1257 1698 1306 solenni
1727 1258 1775 1303 &
1793 1255 1930 1320 pleno
1948 1255 2021 1299 in-

336 1322 543 1370 troduxit
562 1323 631 1381 jus
649 1324 854 1385 gentium
876 1339 886 1368 :
904 1337 949 1368 at
965 1323 1069 1384 quia
1087 1323 1295 1368 homines
1312 1321 1409 1369 sunt
1428 1358 1438 1372 ,
1457 1321 1832 1369 communionem
1848 1317 2020 1364 habent

336 1387 447 1445 juris
463 1385 684 1434 naturalis,
708 1399 758 1431 ut
781 1384 898 1431 reste
911 1384 1080 1431 diffetit
1102 1384 1516 1447 Porphyriuslibro
1546 1383 1606 1431 de
1630 1399 1722 1429 non
1757 1383 1832 1430 esu
1847 1382 2020 1426 anima-

339 1449 453 1494 lium
471 1449 610 1494 tertio
642 1486 652 1504 ,
668 1463 725 1493 ex
745 1465 836 1509 quo
856 1447 1048 1494 nascitur
1079 1462 1129 1494 ut
1148 1448 1275 1510 pasta
1306 1447 1522 1496 servanda
1539 1448 1633 1493 sint.
1668 1444 1743 1492 Sic
1776 1443 2022 1492 Diodorus

343 1510 647 1573 fugitivorum
671 1511 774 1556 duci
797 1511 1045 1574 Apollonio
1077 1515 1101 1556 a
1128 1511 1320 1558 Lucullo
1348 1511 1485 1558 fidem
1516 1510 1738 1557 servatam
1770 1518 2021 1553 memorat.

346 1573 405 1620 Et
424 1574 519 1620 Dio
537 1571 701 1628 scribit,
720 1573 775 1619 ab
794 1573 996 1637 Augusto
1013 1571 1229 1622 Crocotae
1243 1575 1410 1621 latroni
1428 1573 1705 1637 persolutum
1734 1571 1928 1632 pretium
1944 1582 2022 1614 ca-

345 1637 425 1699 piti
445 1638 541 1694 ejus
557 1636 836 1697 impositum,
854 1653 957 1682 cum
975 1635 1123 1698 seipse
1143 1637 1322 1691 sisteret,
1340 1652 1396 1683 ne
1412 1637 1523 1684 fides
1539 1635 1810 1684 violaretur.

413 1698 522 1745 111.
559 1697 808 1746 Videamus
836 1713 991 1745 tamen
1020 1699 1187 1761 ecquid
1214 1704 1239 1746 a
1270 1699 1500 1747 Cicerone
1525 1715 1617 1746 non
1643 1697 1827 1744 allatum
1845 1691 2025 1760 profer«

346 1762 385 1807 ri
423 1758 656 1822 speciosius
685 1761 841 1824 possit.
880 1761 1084 1809 Primum
1113 1764 1203 1810 hoc
1227 1762 1290 1809 est
1324 1801 1336 1818 ,
1372 1763 1499 1825 quod
1526 1762 1602 1825 qui
1636 1760 1854 1808 atrociter
1881 1755 2026 1803 male-

346 1824 416 1870 fici
451 1822 547 1870 sunt
584 1862 595 1880 ,
633 1840 775 1886 neque
800 1841 901 1887 pars
935 1825 1030 1871 sunt
1062 1824 1194 1872 ullius
1223 1826 1419 1874 civit-atis
1454 1866 1466 1883 ,
1503 1826 1552 1872 hi
1579 1828 1607 1871 a
1641 1824 1806 1888 quovis
1839 1821 2026 1867 homine

348 1888 490 1950 puniri
527 1887 700 1949 possunt
735 1886 764 1933 fi
799 1891 868 1947 jus
893 1903 1055 1935 naturae
1082 1887 1342 1951 respicimus
1361 1927 1372 1944 ‚
1404 1903 1455 1938 ut
1487 1887 1592 1938 alibi
1623 1891 1648 1935 a
1680 1886 1812 1933 nobis
1826 1883 2028 1946 explica-

348 1965 445 1996 tum
480 1950 551 1995 est.
590 1952 650 1997 At
682 1951 756 2014 qui
786 1952 930 2014 puniri
955 1950 1133 2014 possunt
1155 1989 1165 2006 ,
1198 1966 1247 1997 ut
1275 1953 1417 1999 vitam
1449 1953 1687 2006 amittant,
1726 1950 1794 1995 his
1822 1950 1870 1993 ἅς
1890 1961 1961 1992 res
1979 1945 2030 1990 δε

350 2014 448 2074 jura
482 2011 554 2059 sua
587 2014 761 2077 possunt
784 2013 951 2061 auferri
987 2031 998 2063 z
1039 2015 1148 2062 ficut
1178 2014 1297 2060 redte
1330 2014 1448 2061 dixit
1475 2016 1600 2062 idem
1632 2011 1834 2059 Cicero:
1868 2019 1954 2055 Non
1983 2009 2032 2064 est

352 2094 484 2123 contra
518 2092 699 2123 naturam
721 2081 886 2139 spoliare
916 2097 1028 2134 eum,
1059 2080 1098 2138 fi
1119 2076 1227 2139 poffis
1245 2115 1255 2132 ,
1292 2097 1406 2139 quem
1436 2082 1628 2137 honestum
1655 2079 1705 2134 est
1732 2093 1871 2121 necare.
1906 2072 2030 2118 Inter

351 2140 447 2201 jura
472 2152 623 2185 autem
649 2138 709 2186 est
731 2142 779 2185 ὅ(
813 2140 904 2185 hoc
933 2141 1002 2199 jus
1028 2156 1086 2187 ex
1113 2140 1334 2203 promisso
1369 2141 1623 2203 quaefitum:
1652 2137 1799 2200 potest
1821 2137 1964 2201 igitur
1980 2134 2031 2178 &

354 2203 445 2248 hoc
474 2203 517 2247 in
548 2217 725 2263 poenam
756 2204 797 2248 ei
829 2202 1010 2249 auferri.
1043 2202 1321 2268 Respondeo
1341 2241 1353 2260 ,
1381 2204 1687 2267 processurum
1718 2200 1810 2247 hoc
1829 2238 1841 2256 ,
1878 2197 1907 2244 si
1938 2210 2030 2242 non

356 2279 568 2327 tanquam
598 2279 701 2311 cum
727 2265 935 2312 malefico
954 2265 1103 2313 astum
1116 2267 1254 2323 effet3
1289 2270 1316 2297 *
1351 2281 1398 2313 at
1430 2267 1462 2315 si
1497 2263 1684 2330 quando
1717 2279 1818 2310 cum
1835 2261 1912 2308 tali
1940 2273 2032 2321 qua

360 2329 461 2374 talis
491 2327 550 2373 cst
564 2366 575 2382 ,
609 2327 757 2374 aCtum
776 2327 836 2374 est
852 2366 863 2384 ,
902 2329 1031 2375 simul
1043 2329 1102 2374 de
1119 2328 1397 2376 remittenda
1414 2365 1425 2379 ‚
1458 2328 1586 2392 quod
1604 2328 1720 2374 hanc
1736 2342 1833 2373 rem
1852 2324 2030 2374 attinet,

359 2405 491 2454 poena
508 2390 654 2437 aCtum
669 2389 837 2437 censeri
850 2391 1000 2437 debet.
1018 2395 1122 2454 quia
1141 2393 1332 2453 semper,
1350 2405 1400 2437 ut
1415 2392 1523 2439 alibi
1541 2391 1738 2438 diximus
1757 2428 1767 2446 ‚
1785 2403 1840 2434 ea
1858 2385 2033 2432 sumen-

359 2452 487 2499 daest
503 2453 834 2516 interpretatio,
854 2470 948 2515 quae
966 2469 1112 2510 cavet,
1134 2470 1187 2501 ne
1204 2455 1327 2501 astus
1340 2455 1383 2501 in
1399 2471 1563 2501 vanum
1582 2452 1772 2499 recidat.
1808 2449 1922 2497 Non
1941 2461 2035 2492 ma-

361 2515 403 2562 le
421 2513 538 2578 apud
556 2515 742 2564 Livium
761 2515 909 2563 Nabis
926 2533 1029 2563 cum
1048 2517 1336 2576 tyrannidem
1370 2517 1448 2580 ipsi
1464 2518 1685 2578 objiceret
1705 2514 1920 2578 Qntius
1934 2510 2036 2558 Fla-

364 2581 549 2626 minius:
587 2589 647 2625 De
662 2587 811 2626 nomine
828 2584 896 2626 hoc
912 2584 1298 2643 responderepoffiam,
1319 2598 1379 2625 me
1392 2584 1782 2642 qualiscumque-sum,
1802 2579 1962 2622 eundem
1974 2577 2037 2633 effi

366 2646 522 2703 quifui,
547 2661 629 2687 cum
646 2657 688 2687 tu
706 2646 781 2704 ipse
797 2660 943 2687 mecum
965 2651 1003 2687 T
1004 2675 1015 2689 2
1029 2647 1586 2706 Qintisbcietatempepigisti.
1622 2642 1682 2688 Et
1700 2655 1811 2686 mox
1827 2655 1839 2687 2
1877 2647 1963 2683 Iam
1977 2642 2038 2697 fe-

374 2709 998 2767 ceramhaec‚qualiacumquesunt
1021 2741 1031 2755 ‚
1052 2710 1368 2764 cttmfhcietatem
1393 2725 1543 2753 mecum
1565 2709 1759 2769 pepigistis.
1799 2699 1943 2749 Addit
1963 2738 1976 2757 ,
2004 2699 2046 2759 fi

373 2768 467 2827 quid
487 2786 542 2825 ego
560 2771 768 2825 mutaffem,
788 2769 889 2812 mihi
900 2786 984 2812 mea
999 2771 1249 2825 inconstantia
1270 2791 1281 2813 .-
1296 2787 1379 2813 cum
1394 2788 1463 2815 vos
1478 2775 1653 2819 mutetis,
1672 2770 1780 2812 ‘vobis
1801 2767 1926 2823 vestra
1940 2768 2042 2808 ratio

373 2831 570 2873 reddenda
588 2833 642 2886 est.
685 2828 839 2875 Locus
865 2828 925 2876 est
942 2845 1033 2876 non
1061 2828 1283 2876 dissimilis
1299 2830 1342 2876 in
1377 2832 1590 2878 oratione
1606 2828 1790 2877 Periclis
1807 2865 1819 2882 ,
1840 2823 1897 2872 ad
1917 2827 2042 2871 cives

377 2889 477 2935 suos
498 2891 615 2946 apud
636 2890 962 2952 Thucydidem
981 2908 993 2941 ζ
1010 2892 1078 2937 τοῖς
1099 2891 1212 2940 πᾶλᾷς
1244 2892 1444 2949 οἰυῖονόμες
1471 2887 1691 2948 dodanim,
1720 2890 1751 2933 ἁ
1766 2885 2041 2943 καὶσίυἵςνὸμὸς

376 2951 517 3003 ’ἔχωτῑς
530 2954 779 3009 ἒπὸσῡίμῑῖα·
800 2960 990 3001 Civitates
992 2959 1117 3016 socias
1129 2958 1264 3003 liberas
1279 2961 1342 3017 effe
1347 2965 1550 3021 patiemur
1567 2994 1581 3015 ‚
1603 2958 1642 3018 fi
1652 2959 1917 3018 talesfuerttnt
1934 2990 1948 3010 ,
1966 2967 2043 3010 quo

375 3023 688 3078 temporcsac'mm
703 3023 753 3061 (³57
763 3019 892 3077 fedus.

440 3079 458 3123 1
480 3078 534 3123 V.
572 3079 751 3124 Deinde
771 3077 906 3144 objici
921 3077 1066 3141 potest
1079 3079 1206 3140 quod
1227 3081 1330 3128 alibi
1347 3081 1560 3138 diximus,
1574 3095 1678 3127 eum
1695 3082 1772 3145 qui
1789 3093 1916 3127 metu
1932 3093 2044 3125 cau-

373 3138 462 3185 sam
477 3140 562 3185 ded
574 3144 603 3186 it
625 3141 854 3202 promisso,
872 3143 1017 3188 teneri
1033 3140 1225 3190 liberare
1243 3146 1557 3207 promissorem
1580 3180 1590 3195 ,
1606 3144 1711 3206 quia
1729 3145 1946 3192 damnum
1966 3140 2045 3187 de-

375 3201 538 3271 dithpcr
558 3204 829 3261 injustitiam,
848 3202 895 3248 id
911 3203 971 3248 est
989 3219 1069 3264 per
1083 3203 1230 3251 astum
1246 3223 1521 3279 pugnantem
1539 3209 1588 3254 &
1604 3221 1708 3255 curn
1727 3223 1884 3256 natura
1914 3203 2047 3252 liber·

374 3279 479 3310 tans
506 3267 719 3313 humanae,
739 3267 785 3309 ὅ(
801 3281 903 3310 cum
925 3281 1082 3313 natura
1108 3267 1229 3314 adius
1251 3287 1324 3332 qui
1351 3271 1465 3318 liber
1485 3271 1571 3318 esse
1600 3269 1770 3318 debuit.
1802 3270 1912 3318 Hoc
1929 3282 2045 3317 vero

376 3326 481 3374 ficut
519 3329 716 3375 fatemur
750 3326 978 3373 interdum
1016 3329 1170 3376 locum
1195 3331 1359 3380 habere
1379 3335 1441 3381 ita
1461 3351 1551 3380 non
1569 3333 1628 3380 ad
1645 3336 1801 3381 omnia
1832 3329 2048 3397 promissa

377 3389 657 3450 praedonibus
677 3390 794 3439 fasta
812 3390 1019 3454 pertinet.
1036 3408 1142 3440 nam
1163 3407 1209 3439 ut
1226 3398 1297 3442 cui
1314 3398 1578 3461 promissum
1610 3397 1798 3459 quidest
1815 3433 1828 3454 ‚
1857 3395 1916 3441 ad
1934 3393 2052 3439 libe-

1853 3455 2049 3507 randum
