2380 3917
323 356 369 393 26
716 351 1612 392 DEIVREBELLI

321 437 440 469 nunc
455 434 545 467 non
563 420 709 466 minus
727 434 861 480 quam
881 417 995 464 olim
1014 418 1188 465 liceret.
1226 416 1435 465 Probato
1455 432 1607 467 autem
1619 416 1833 482 capitales
1847 435 2001 484 poenas

355 485 419 532 ost
437 482 603 530 Christi
624 482 870 528 adventum
888 481 1008 527 reste
1024 482 1241 537 exerceri,
1261 480 1388 527 simul
1407 481 1651 545 probatum
1671 480 1886 541 arbitror,
1901 483 2002 531 bel-

319 501 416 594 lium
436 544 621 606 aliquod
639 546 760 592 licite
778 545 874 608 geri
894 582 905 598 ,
922 559 1030 606 puta
1049 544 1263 591 adversus
1282 558 1499 590 nocentes
1516 546 1687 592 multos
1703 546 1753 590 &
1770 562 2000 598 armatos:

356 613 396 656 ui
418 625 465 655 ut
485 610 546 653 rei
566 609 686 663 fiant,
709 609 802 654 acie
822 607 1030 653 vincendi
1050 606 1158 653 l'unt.
1178 605 1309 652 Vires
1326 608 1447 652 enim
1467 609 1516 653 &
1532 609 1591 654 ad
1608 606 1900 656 resistendum
1917 627 2000 657 au-

318 628 449 719 dacia
468 686 714 716 nocentum
733 708 745 725 ,
764 669 872 716 sicut
901 670 946 715 in
978 668 1189 731 prudenti
1209 668 1539 718 deliberatione
1560 672 1687 718 suum
1704 670 1874 718 habere
1893 688 1999 719 mo-

320 750 523 781 mentum
541 732 698 794 potest,
719 734 782 778 ita
794 731 962 784 dejure
979 731 1074 796 ipso
1093 732 1200 779 nihil
1220 733 1470 778 imminuit.
1488 731 1791 781 Vndecimum
1809 734 1895 780 effe
1912 751 1999 796 po-

318 798 416 853 test,
438 796 559 858 quod
580 794 746 841 Christi
760 794 834 840 lex
851 793 994 842 solam
1014 796 1165 860 legem
1183 794 1345 852 Molis,
1366 811 1453 858 qua
1469 810 1624 860 gentes
1643 797 1700 845 ab
1713 795 1919 844 Hebraeis
1931 796 2000 844 se-

320 859 507 924 parabat
528 898 539 913 ‚
560 858 740 912 sustulit,
755 857 916 919 Ephes.
938 875 956 904 1
970 875 1010 916 1,
1032 875 1047 906 1
1096 894 1105 902 .
1127 861 1240 921 Qae
1259 872 1412 905 autern
1432 874 1590 907 natura
1613 898 1623 917 ,
1644 862 1692 906 &
1708 858 1823 906 bene
1839 876 1995 907 mora-

319 937 466 970 turum
485 923 683 983 gentium
701 919 915 967 consensu
932 923 1070 968 honel
1095 937 1120 967 a
1136 921 1388 977 censentur,
1408 921 1528 968 adeo
1546 940 1638 970 non
1655 922 1836 979 sustulit,
1853 938 1901 969 ut
1919 922 1998 971 sub

319 975 515 1050 generali
534 997 758 1049 praecepto
776 985 926 1031 omnis
945 984 1120 1031 honesti
1140 1000 1193 1030 ac
1213 985 1395 1031 virtutis
1427 986 1841 1051 comprehenderit.
1877 986 1994 1034 Phil.

322 1065 396 1104 lv,
417 1047 460 1096 8.
502 1063 522 1094 1
547 1045 666 1095 Cor.
684 1062 764 1104 x1,
789 1061 864 1111 13,
883 1059 957 1110 14.
994 1047 1092 1095 Iam
1126 1062 1242 1094 vero
1261 1048 1503 1096 criminum
1520 1066 1658 1112 poenae
1691 1051 1740 1096 &
1757 1066 1884 1097 arma
1933 1067 1998 1097 uae

317 1110 524 1170 injuriam
541 1124 712 1167 arcent,
731 1123 892 1157 natura
910 1109 1130 1158 habentur
1147 1110 1402 1170 laudabilia,
1425 1114 1474 1158 &
1492 1113 1550 1159 ad
1562 1114 1733 1174 justitiae
1751 1152 1762 1171 ‚
1783 1115 1830 1160 δέ
1845 1113 1915 1160 ειὰ
1949 1129 1999 1160 e·-

319 1175 562 1221 neficentiae
579 1175 800 1221 virtutem
822 1172 1095 1221 referuntur.
1130 1173 1276 1236 Atque
1305 1176 1380 1221 hic
1401 1174 1552 1223 obiter
1588 1176 1814 1224 notandus
1831 1192 1998 1224 eorum

318 1237 378 1284 est
395 1252 540 1292 error,
562 1238 636 1301 qui
653 1234 955 1283 Israelitarum
974 1238 1045 1297 jus
1060 1234 1118 1283 ad
1136 1235 1307 1283 bellum
1324 1237 1559 1286 deducunt
1574 1278 1585 1297 ,
1603 1256 1661 1288 ex
1677 1254 1736 1287 eo
1755 1239 1850 1288 solo
1868 1239 1999 1302 quod

317 1317 487 1347 terram
515 1298 787 1347 Cananaeam
817 1299 904 1346 illis
937 1300 1066 1347 Deus
1097 1298 1303 1347 dediffet.
1337 1301 1413 1348 Est
1430 1303 1548 1349 enim
1581 1304 1672 1350 haec
1683 1302 1795 1363 justa
1809 1302 2000 1349 cuidem

315 1365 459 1420 causa,
482 1362 557 1410 scd
574 1379 665 1410 non
682 1364 827 1410 unica.
845 1362 974 1410 Nam
991 1365 1040 1410 δε
1058 1378 1159 1410 ante
1171 1380 1224 1410 ea
1240 1379 1451 1428 tempora
1467 1367 1528 1428 pii
1544 1367 1731 1414 rationis
1748 1362 1883 1413 dueku
1899 1364 2000 1413 bel-

316 1428 362 1475 la
378 1426 598 1491 gelserunt
618 1443 630 1474 :
663 1428 713 1474 δε
728 1426 805 1489 ipfi
823 1426 1031 1474 Israelitae
1064 1427 1220 1490 postea
1236 1426 1331 1474 aliis
1347 1428 1405 1475 dc
1422 1428 1560 1476 caulis
1580 1467 1591 1486 ,
1610 1444 1660 1476 ut
1678 1429 1834 1477 David
1851 1428 1914 1477 ob
1931 1429 2000 1476 le·

320 1506 455 1556 gatos
469 1490 687 1538 violatos.
722 1489 849 1539 Tum
866 1505 980 1536 vero
999 1507 1094 1555 quae
1120 1490 1320 1537 humano
1337 1493 1440 1552 jure
1456 1491 1640 1555 quisque
1657 1492 1855 1556 poffidet
1875 1532 1885 1550 ,
1905 1509 1999 1539 non

320 1557 480 1601 minus
501 1554 597 1611 ejus
630 1550 727 1599 sunt
753 1569 890 1617 quarn
908 1552 939 1600 si
957 1554 1086 1601 Deus
1104 1551 1335 1603 donail'et:
1367 1555 1420 1602 id
1436 1570 1589 1603 autem
1609 1557 1679 1612 jus
1691 1571 1773 1619 per
1791 1556 2000 1619 Euange-

319 1617 431 1664 lium
450 1631 541 1663 non
557 1615 747 1663 tollitur.

384 1679 428 1727 V
448 1679 467 1727 I
488 1679 555 1727 ΙΙ.
584 1678 834 1727 Videamus
852 1697 966 1728 nunc
984 1684 1122 1729 etiam
1141 1686 1301 1744 quibus
1315 1696 1590 1745 argumentis
1605 1684 1648 1729 se
1663 1682 1820 1731 fulciat
1837 1685 2000 1731 adver-

323 1743 436 1791 stiria
453 1743 667 1789 sententia
691 1781 702 1800 ‚
753 1759 814 1795 uo
834 1742 1009 1792 facilius
1035 1744 1208 1805 judicet
1226 1747 1322 1808 pius
1339 1746 1581 1793 aestimator
1608 1759 1710 1792 utra
1727 1746 2001 1811 ‘praeponde-

322 1822 441 1854 rent.
476 1805 682 1853 Primum
701 1822 726 1853 a
764 1805 871 1852 ferri
891 1806 1006 1855 solet
1034 1813 1058 1838 *
1092 1809 1357 1856 vaticinium
1377 1809 1526 1865 Esaiae,
1547 1809 1621 1872 qui
1640 1808 1846 1856 futurum
1863 1809 1995 1866 dicit,

324 1886 374 1917 ut
394 1870 546 1934 populi
599 1868 745 1915 ladios
761 1870 1042 1917 contundant
1062 1874 1106 1917 in
1127 1871 1318 1935 ligones,
1343 1873 1584 1920 &lanceas
1602 1873 1647 1919 in
1666 1870 1805 1919 falces
1823 1892 1838 1931 3
1855 1887 2000 1936 neque

321 1934 526 1996 gladium
545 1884 720 1981 iiimant
734 1933 845 1980 alius
862 1933 906 1979 in
924 1933 1080 1991 alium,
1101 1951 1155 1980 ne
1188 1950 1245 1980 ue
1261 1934 1436 1982 bellum
1450 1938 1569 1982 ultra
1585 1933 1832 1992 addiscant,
1858 1951 1878 1981 1
1891 1951 1932 1991 1,
1950 1947 2000 1997 4.

321 1996 417 2045 Sed
451 1996 541 2043 hoc
571 1997 836 2043 vaticinium
870 2012 947 2044 aut
960 1996 1050 2044 ,sub
1069 1951 1336 2044 conditione
1367 1998 1568 2060 quadam
1587 1998 1902 2058 accipiendum
1917 1998 1996 2055 est,

321 2058 718 2123 quemadmodum
734 2059 877 2106 multa
905 2061 989 2107 alia
1006 2098 1016 2115 ,
1037 2075 1086 2105 ut
1105 2061 1317 2106 nimirum
1337 2060 1638 2124 intelligamus
1659 2061 1797 2106 talem
1811 2060 1915 2106 fore
1928 2076 2000 2106 re-

321 2139 427 2170 rum
464 2121 626 2170 statum
660 2126 684 2152 *
720 2122 748 2168 si
769 2137 929 2169 omnes
962 2122 1118 2185 populi
1140 2121 1306 2169 Christi
1322 2123 1471 2186 legem
1503 2122 1738 2186 suscipiant
1756 2137 1893 2185 atque
1910 2125 2000 2170 im-

319 2186 471 2249 pleant
486 2207 501 2245 3
519 2202 654 2249 quam
669 2184 725 2232 ad
749 2200 848 2231 rem
869 2185 994 2232 Deus
1011 2185 1118 2231 nihil
1137 2183 1211 2233 sua
1226 2201 1426 2251 exparte
1443 2186 1637 2245 passurus
1655 2184 1707 2232 sit
1725 2185 1966 2234 desiderari
1985 2207 2001 2245 ;

318 2264 495 2297 certum
515 2264 666 2296 autem
684 2246 745 2293 est
762 2247 789 2293 fi
810 2263 970 2295 omncs
988 2248 1068 2294 sint
1088 2248 1344 2306 Christiani,
1363 2251 1413 2295 δε
1432 2247 1687 2295 Christiane
1705 2250 1877 2306 vivant,
1900 2249 2000 2297 nul-

323 2312 369 2359 la
386 2311 490 2359 fore
508 2311 623 2359 bella
643 2328 654 2359 ξ
673 2310 798 2374 quod
816 2310 1044 2359 Arnobius
1065 2312 1125 2357 ita
1138 2313 1335 2359 enuntiat
1357 2328 1368 2360 ζ
1386 2320 1424 2358 Si
1439 2332 1566 2358 omnes
1580 2318 1734 2359 omnino
1744 2318 1812 2376 qui
1825 2317 1997 2359 homines

324 2381 388 2437 effe
399 2379 440 2435 sc
454 2395 527 2421 non
535 2381 647 2436 specie
661 2389 865 2435 corporum,
878 2377 948 2432 sed
963 2380 1125 2421 rationis
1136 2378 1354 2437 intelligunt
1365 2378 1557 2438 potestate,
1566 2377 1817 2435 salutaribus
1830 2381 1906 2437 ejus
1919 2390 1993 2436 pa-

322 2441 501 2500 cificifijue
531 2441 686 2484 decreto
699 2455 833 2483 aurem
848 2442 988 2483 vellent
1002 2442 1239 2484 commodare
1249 2443 1434 2499 paulisper
1459 2475 1471 2493 ,
1493 2442 1545 2493 ὠ·
1560 2456 1636 2491 non
1648 2440 1757 2501 fiistu
1773 2441 1876 2498 &su
1901 2446 1999 2485 erci-

322 2505 372 2547 lio
387 2504 532 2547 tumidi
540 2504 622 2560 suis
635 2503 758 2561 potius
770 2502 937 2560 senfibus
954 2536 964 2550 ‚
982 2518 1100 2562 quam
1117 2502 1219 2546 illius
1239 2503 1596 2547 commonitionibus
1612 2502 1818 2550 crederent,
1837 2506 1999 2547 univer-

312 2567 384 2624 sus
411 2566 643 2624 jamdudum
666 2565 765 2608 orbis
795 2570 952 2609 mitiora
974 2569 1015 2608 in
1044 2577 1156 2624 opera
1171 2565 1353 2624 conversis
1367 2564 1494 2625 ufibm
1509 2567 1613 2623 ferri
1629 2597 1638 2611 ,
1656 2567 1940 2626 tranquillitate
1953 2569 1995 2611 in

323 2625 533 2682 molliffima
545 2629 686 2687 degeret
702 2663 713 2679 ,
736 2627 787 2680 ὠ»
801 2631 841 2668 in
859 2629 1097 2672 concordiam
1113 2629 1336 2684 salutarem
1351 2632 1577 2687 incorruptis
1589 2627 1772 2688 sederam
1779 2629 1996 2686 fimc‘lioni-

325 2690 392 2732 hus
410 2694 635 2733 conveniret.
673 2686 928 2738 Laftantius
946 2703 1057 2735 vero
1076 2687 1164 2734 hoc
1184 2687 1356 2736 modo:
1377 2692 1489 2749 Qid
1497 2690 1582 2745 fiet,
1596 2689 1636 2747 fi
1651 2707 1775 2735 omncs
1791 2695 1831 2733 in
1847 2708 1997 2736 concor-

324 2753 434 2796 diam
448 2755 693 2810 consenserint
717 2763 731 2794 ?
746 2754 849 2812 quod
861 2768 956 2796 certe
967 2754 1059 2810 fieri
1073 2756 1213 2811 poterit
1225 2788 1236 2805 ‚
1245 2751 1492 2811 fiperniciofh
1509 2752 1558 2805 ὅ
1580 2755 1693 2811 impio
1707 2756 1833 2803 furore
1843 2753 1997 2811 projeffl‘o

322 2818 536 2858 innocentes
564 2833 608 2858 ac
613 2813 636 2866 j
644 2816 707 2870 vtsli
726 2816 786 2872 effi·
806 2817 939 2858 velint.
970 2814 1063 2860 Aut
1081 2811 1424 2876 intelligendum
1441 2811 1503 2858 cst
1520 2827 1631 2874 pure
1653 2831 1666 2869 3
1690 2805 1781 2876 {1110
1802 2810 1949 2859 modo
1965 2813 1995 2860 si

321 2874 566 2935 accipiatur
586 2911 594 2924 ‚
614 2874 751 2920 docet
783 2891 853 2920 res
893 2876 983 2938 ipsa
1011 2873 1252 2937 impletum
1272 2878 1362 2922 hoc
1381 2872 1583 2921 nondum
1602 2873 1685 2921 effe
1706 2914 1716 2930 ,
1733 2873 1807 2921 scd
1835 2876 1998 2938 imple-

319 2952 527 2982 mCfltUffl
544 2939 641 2996 Ciu-³
659 2975 669 2991 ,
691 2953 738 2983 ut
755 2938 803 2982 Sc
816 2939 1121 2985 conversionis
1136 2937 1355 3001 generalis
1374 2937 1627 2984 Iudaeorum
1645 2976 1656 2992 ,
1676 2937 1823 2985 adhuc
1839 2938 1998 3002 exspe-

321 2998 551 3044 ctandum.
587 2999 626 3046 V
631 3001 776 3045 trovis
795 3015 945 3047 autem
964 3001 1111 3047 modo
1131 3001 1276 3048 sumas
1295 3039 1306 3057 ‚
1330 3000 1440 3047 nihil
1462 3001 1563 3047 hinc
1581 2999 1733 3047 inferri
1751 3001 1897 3064 potest
1913 3001 1997 3048 ad-

324 3061 472 3107 versu<
489 3061 714 3109 bellorum
735 3061 963 3120 justitiam,
983 3063 1203 3127 quamdiu
1221 3063 1317 3110 sunt
1334 3064 1412 3125 qui
1429 3065 1549 3128 pacis
1565 3079 1763 3110 amantes
1780 3080 1888 3126 pace
1905 3062 1996 3112 frui

323 3139 412 3168 non
431 3124 570 3170 linunt
590 3163 600 3178 ,
622 3124 697 3170 scd
733 3127 825 3171 vim
848 3128 912 3172 eis
928 3129 1160 3175 intentant.
1204 3127 1275 3173 Ex
1293 3128 1454 3188 quinto
1482 3126 1687 3173 Matthaei
1705 3128 1850 3189 capite
1868 3127 1997 3190 plura

323 3202 587 3248 argumenta
619 3188 829 3251 depromi
864 3187 1005 3235 solent
1026 3226 1037 3243 ,
1059 3189 1118 3234 ad
1136 3187 1721 3252 quorum'dijudicationem
1740 3205 1855 3252 opus
1873 3190 1933 3236 est
1946 3206 1996 3237 a-

327 3250 449 3294 nimo
469 3253 609 3313 reperi
645 3250 768 3312 quod
790 3252 925 3313 paulo
943 3266 1044 3297 ante
1061 3250 1262 3298 diximus
1280 3268 1292 3299 :
1310 3250 1357 3298 Si
1378 3249 1562 3298 Christo
1576 3251 1621 3297 id
1641 3250 1786 3298 fuisset
1818 3267 1995 3315 propo-

325 3310 467 3362 fitum„
488 3314 643 3358 omnia
660 3313 866 3375 capitalia
884 3314 1050 3362 iudicia
1068 3351 1079 3368 ,
1103 3315 1153 3359 δε
1171 3316 1240 3372 jus
1256 3312 1483 3360 bellorum
1499 3313 1677 3369 tollere,
1696 3313 1920 3361 faciurum
1940 3314 1991 3360 id

320 3370 446 3419 fuisse
464 3377 613 3424 verbis
630 3392 766 3438 quam
785 3378 984 3424 maxime
999 3375 1214 3439 expreffis
1230 3391 1281 3424 ac
1300 3375 1558 3442 specialibus
1577 3415 1588 3435 ,
1606 3375 1667 3423 ob
1685 3379 1748 3424 rei
1762 3393 1846 3438 ma⁸
1872 3379 1992 3424 nitu·-

1834 3457 1846 3486 ‹
1869 3453 1989 3487 inem
