2380 3917
104 473 143 505 L
161 472 240 503 Bona
252 468 292 508 fi-

104 519 316 563 des.D.depo·

98 564 164 607 fiii.

104 712 222 747 Molin.
238 711 312 754 dsp.

108 769 191 802 294.
208 760 293 791 Silv,

105 807 195 839 verb.
215 819 291 838 con:-

104 855 322 894 modatfe.n.4.

105 900 182 942 Leff
196 903 217 932 l.
242 909 319 933 11.c.

106 956 164 991 27.
181 948 258 981 dub.
275 957 307 993 5.

106 1275 171 1309 „An
207 1271 318 1305 edla

107 1320 150 1352 ad
177 1345 183 1352 .
196 1295 299 1352 ‘Rhosii

105 1364 191 1407 Vasti·
208 1374 307 1398 contr·

108 1411 160 1446 11⁴¹.
176 1425 203 1448 c.
221 1420 278 1458 31.

111 2223 166 2256 De
178 2222 321 2267 benefili-

330 308 405 354 284
729 298 1582 342 ῡεῐνκεΒειιι

337 378 417 424 Sic
434 392 514 424 nec
530 374 747 423 reddetur
765 389 836 419 res
854 369 1059 435 deposita
1073 372 1113 417 ei
1125 373 1202 434 qui
1224 371 1434 437 deposuit
1451 411 1464 431 ‚
1480 373 1511 421 fi
1525 373 1740 424 dominus
1755 389 1857 425 eam
1867 391 1998 439 repea-

338 455 421 487 tat.
458 443 593 494 Probo,
611 438 754 500 inquit
770 434 1097 498 Tryphoninus
1115 472 1127 491 ‚
1147 438 1248 482 hanc
1264 440 1531 498 effijustitiam
1549 476 1559 495 ,
1579 443 1779 501 quesitum
1794 447 1925 504 cuique
1938 449 2000 487 ita

338 508 479 549 tribuit
496 539 506 553 ‚
540 518 583 546 ut
601 522 675 547 non
692 501 934 554 distrahatur
949 500 999 542 ab
1013 501 1125 542 uHius
1135 504 1291 559 persone
1299 501 1458 558 justiore
1476 508 1708 562 repetitione.
1743 501 1882 550 Ratio
1896 502 1959 551 est
1974 538 1988 554 .

369 568 456 621 uia,
469 580 517 610 ut
536 562 640 609 alibi
658 563 932 614 notavimus,
952 558 1202 606 introduffi
1218 559 1359 606 semel
1377 560 1571 609 dominii
1589 579 1642 611 ea
1657 566 1725 612 vis
1741 565 1815 616 est.
1830 580 1879 612 ut
1898 581 1999 613 rem

336 585 530 674 domino
544 627 735 688 cognito
756 640 848 670 non
869 620 1076 672 reddere,
1094 623 1286 669 omnino
1301 623 1507 683 injustum
1530 624 1598 672 sit.

399 692 446 738 X
459 692 506 738 X
520 689 561 737 V
579 689 648 735 11.
687 684 943 734 Secundum
962 686 1050 731 erit
1065 684 1281 732 indicium
1301 724 1314 742 ,
1345 685 1376 733 si
1396 688 1537 735 verba
1563 686 1683 751 sequi
1701 705 1793 736 non
1811 689 1999 754 quidem

335 769 414 818 per
431 755 472 801 se
489 752 733 799 &omniuo
761 749 970 796 illicitum
988 747 1041 794 fit
1061 786 1073 804 ,
1106 748 1182 795 sed
1194 764 1316 810 :eque
1334 765 1430 797 rem
1447 751 1675 799 aestimanti
1696 754 1827 800 nimis
1853 770 1998 818 grave

340 834 470 880 atquc
487 813 778 861 intolerabile
797 811 912 858 :five
936 808 1140 858 absolute
1156 811 1347 873 spectata
1361 814 1630 861 conditione
1644 805 1996 865 humanae‘natu-

339 897 407 936 ra’,
429 881 516 926 live
534 873 848 940 comparando
866 872 1106 939 personam
1121 875 1171 920 &
1186 891 1282 923 rem
1295 875 1354 922 de
1370 891 1461 938 qua
1476 879 1624 942 agitur
1638 916 1650 934 ,
1670 894 1775 925 cum
1794 878 1890 942 ipso
1907 879 1995 926 fine

338 945 475 990 astus.
511 941 585 987 Sic
599 942 675 1003 qui
693 955 792 985 rem
809 937 868 985 ad
884 936 981 983 dies
998 937 1172 1000 aliquot
1192 938 1517 987 commodavit
1535 979 1548 998 ‚
1582 943 1698 987 intra
1714 958 1794 989 eos
1813 941 1910 989 dies
1927 957 2002 990 re-

338 1021 490 1072 petere
508 1021 607 1050 eam
624 1003 810 1065 poterit,
830 998 962 1062 fiipse
982 1000 1114 1048 valde
1132 1017 1280 1066 egeat:
1298 1003 1404 1065 quia
1420 1002 1542 1050 astus
1554 1018 1645 1050 tam
1663 1003 1850 1051 benefici
1865 1020 1920 1051 ea
1937 1004 2000 1053 est

337 1086 511 1122 natura,
529 1083 579 1113 ut
597 1083 690 1113 uon
708 1063 962 1111 credendus
980 1063 1030 1110 fit
1044 1063 1274 1127 quisquam
1291 1065 1350 1112 ad
1366 1081 1582 1130 magnum
1599 1065 1724 1114 suum
1741 1068 2001 1115 incommo-

337 1133 448 1178 dum
465 1131 507 1177 se
526 1128 710 1177 voluisse
732 1126 957 1192 obligare.
989 1124 1065 1173 Sic
1078 1129 1152 1189 qui
1173 1127 1388 1175 auxilium
1400 1127 1611 1176 federato
1622 1130 1842 1194 promisit,
1861 1147 2001 1178 excu-

337 1194 504 1242 sabitur
523 1191 738 1255 quamdiu
750 1189 840 1253 ipse
857 1188 987 1236 domi
999 1190 1275 1254 periclitatur
1291 1229 1303 1247 ,
1337 1191 1381 1236 in
1397 1207 1614 1256 quantum
1631 1195 1776 1256 copiis
1786 1210 1900 1258 opus
1918 1194 2002 1240 ha-

335 1259 431 1305 bet.
451 1258 508 1302 Et
523 1259 546 1285 *
567 1252 793 1301 couceffio
811 1254 1108 1300 immunitatis
1126 1253 1414 1318 vestigalium
1431 1256 1480 1301 &
1493 1254 1770 1303 tributorum
1781 1256 2002 1320 intellige-

336 1336 411 1368 tur
429 1320 489 1366 de
506 1317 842 1381 quotidianis&
858 1314 1165 1364 anniversariis
1181 1354 1193 1374 ‚
1211 1333 1305 1364 uon
1320 1316 1379 1363 de
1394 1318 1448 1364 iis
1465 1334 1560 1380 qua>
1577 1318 1749 1366 summa
1764 1318 1999 1368 neceffitas

336 1384 480 1446 exigit
496 1420 507 1437 ‚
539 1384 586 1427 δέ
605 1380 766 1443 quibus
781 1395 937 1426 carere
953 1377 1200 1441 respublica
1224 1396 1316 1426 non
1331 1380 1495 1442 potest.
1532 1381 1602 1427 Ex
1629 1382 1788 1444 quibus
1812 1396 2001 1446 apparet

337 1448 471 1494 nimis
488 1445 588 1491 laxe
619 1443 791 1490 dicium
809 1446 833 1490 a
852 1441 1083 1489 Cicerone
1103 1480 1115 1499 ‚
1138 1459 1229 1489 non
1260 1442 1477 1489 servanda
1506 1443 1717 1505 promissa
1735 1462 1827 1506 quae
1844 1445 1926 1492 fint
1942 1447 2002 1493 iis

343 1508 506 1572 quibus
524 1506 788 1572 promiseris
803 1505 977 1553 inutilia
995 1543 1006 1561 ‚
1031 1521 1114 1551 nec
1130 1504 1158 1551 fi
1171 1505 1269 1568 plus
1284 1504 1367 1552 tibi
1383 1519 1577 1553 noceant
1601 1522 1737 1568 quam
1754 1508 1817 1554 illi
1864 1507 2002 1555 rofint

343 1574 418 1619 cui
429 1568 703 1634 promiseris.
739 1567 868 1614 Nam
888 1585 942 1614 au
959 1583 1030 1614 res
1045 1567 1165 1614 utilis
1182 1568 1233 1615 fit
1247 1567 1400 1615 futura
1416 1569 1457 1614 ei
1473 1570 1542 1615 cui
1557 1570 1771 1633 promiffa
1787 1587 1812 1616 e
1852 1611 1863 1628 ‚
1877 1570 2002 1632 judi-

343 1649 450 1681 care
466 1631 708 1695 promissor
726 1646 816 1677 non
831 1630 987 1687 debet,
1001 1631 1077 1677 nifi
1094 1629 1218 1678 forte
1229 1633 1273 1678 in
1287 1630 1389 1679 casu
1406 1629 1580 1679 furoris
1595 1631 1655 1679 de
1673 1649 1764 1697 quo
1781 1633 1830 1680 su
1864 1649 1914 1681 ra
1927 1633 2002 1680 di-

341 1700 491 1744 ximus
512 1712 522 1743 :
551 1697 599 1741 &
624 1710 675 1741 ut
704 1693 967 1758 promissum
997 1693 1315 1756 promissorem
1346 1709 1439 1741 non
1469 1693 1649 1761 obliget
1666 1734 1678 1753 ,
1714 1712 1807 1743 non
1823 1651 1925 1745 stitis
1938 1696 2002 1744 est

341 1759 583 1823 quodlibet
598 1772 922 1804 nocumentum
937 1759 982 1803 in
998 1756 1316 1819 promissorem
1331 1794 1344 1812 ‚
1367 1755 1445 1804 sed
1459 1756 1548 1803 tale
1562 1774 1749 1820 oportet
1761 1759 1814 1806 fit
1829 1764 1854 1791 *
1870 1759 2001 1822 quod

341 1839 428 1884 pro
445 1836 600 1869 natura
620 1820 742 1867 aCtus
767 1819 892 1866 credi
912 1818 1077 1866 debeat
1096 1835 1352 1884 exceptum.
1389 1818 1464 1867 Sic
1481 1822 1556 1884 qui
1579 1838 1742 1886 operas
1773 1823 1920 1870 vicino
1939 1821 2002 1870 ad

345 1885 445 1931 dies
461 1885 635 1946 aliquot
651 1883 868 1945 promisit,
888 1899 980 1930 non
997 1882 1224 1930 tenebitur
1236 1919 1249 1939 ,
1281 1882 1312 1928 si
1330 1898 1435 1929 eum
1452 1885 1643 1933 morbus
1658 1884 1851 1933 sonticus
1861 1885 2002 1949 patris

349 1962 424 1994 aut
439 1947 517 1994 filii
534 1947 754 1993 detineat.
770 1947 828 1993 Et
842 1946 932 1992 hoc
942 1945 1060 1997 reCke
1072 1944 1242 1992 Cicero
1255 1944 1313 1991 de
1331 1944 1512 1994 Officiis
1529 1949 1680 2010 primo
1696 1964 1710 1997 z
1724 1956 1763 1994 Si
1777 1952 2002 2007 constitueris

350 2026 388 2056 te
407 2018 569 2074 cuipiam
586 2014 820 2056 advocatum
836 2017 876 2056 in
888 2030 964 2056 rem
974 2013 1188 2071 presentem
1204 2011 1268 2068 effie
1282 2024 1510 2060 venturum,
1526 2026 1638 2073 atque
1648 2017 1805 2059 interim
1848 2017 2001 2057 raviter

350 2093 371 2117 a
373 2090 524 2134 gratare
533 2077 637 2130 filius
652 2078 813 2133 coeperit,
830 2092 906 2118 non
913 2072 959 2134 fit
979 2087 1110 2118 contra
1126 2073 1284 2129 officium
1300 2078 1511 2133 nonfacere
1522 2077 1625 2135 quod
1637 2077 1788 2120 dixeris.
1848 2089 1876 2119 n
1891 2088 2000 2119 cun-

345 2134 453 2180 dem
469 2135 638 2182 sensum
656 2134 966 2197 accipiendum
986 2171 998 2189 ‚
1032 2148 1115 2179 nec
1133 2132 1251 2180 ultra
1267 2132 1534 2180 trahendum
1555 2135 1616 2182 est
1635 2175 1648 2193 ‚
1682 2138 1707 2167 *
1727 2133 1854 2198 quod
1878 2134 2001 2198 apud

345 2196 563 2245 Senecam
582 2198 796 2262 legimus:
825 2205 932 2244 Tunc
937 2198 1058 2252 fidem
1063 2201 1218 2258 fallam,
1236 2212 1328 2243 tunc
1342 2200 1587 2256 inconstantia
1600 2206 1738 2246 crimen
1747 2201 1907 2245 audiam
1924 2235 1937 2254 ,
1964 2199 2003 2259 si

122 2270 325 2318 bn1v‚c.35.
347 2281 433 2309 cum
450 2268 580 2308 omnia
604 2265 738 2306 eadem
747 2261 828 2320 sint
845 2294 856 2309 ‚
880 2277 955 2322 que
974 2275 1082 2306 erant
1094 2265 1340 2321 promittente
1360 2277 1421 2305 me
1441 2294 1454 2310 ,
1474 2279 1549 2308 non
1560 2265 1756 2323 praestitero
1768 2263 1998 2322 promiffiim.

346 2330 490 2387 alioqui
505 2327 688 2388 quicquid
708 2339 903 2378 mutatur,
919 2324 1131 2368 libertatem
1140 2325 1243 2384 facit
1258 2325 1307 2369 de
1325 2328 1470 2383 integro
1484 2327 1696 2385 consulendi
1713 2360 1724 2379 ‚
1749 2320 1799 2373 ὅ
1812 2341 1937 2368 meam
1951 2325 2000 2379 fi-

343 2393 432 2434 dem
447 2391 601 2433 liberat.
637 2386 807 2444 Promisi
815 2388 1109 2433 advocationem
1124 2407 1134 2430 :
1154 2387 1278 2445 postea
1291 2388 1473 2446 apparuit
1481 2399 1549 2446 per
1567 2391 1676 2433 illam
1703 2388 1858 2445 calisam
1868 2389 2001 2446 preju-

345 2456 490 2497 dicium
504 2456 547 2497 in
556 2464 708 2511 patrem
725 2466 852 2494 meum
867 2451 992 2510 quari.
1021 2447 1178 2509 promisi
1188 2466 1247 2494 me
1258 2461 1410 2509 peregre
1425 2465 1504 2494 una
1515 2453 1667 2497 iturum
1684 2451 1772 2508 :sed
1791 2454 1867 2493 iter
1892 2452 1993 2511 infe-

335 2519 437 2574 stari
451 2517 653 2560 latrociniis
669 2516 890 2558 nuntiatur.
924 2517 970 2556 In
987 2529 1066 2555 rem
1075 2512 1290 2571 presentem
1302 2525 1490 2557 venturus
1498 2513 1566 2571 fui
1581 2536 1592 2558 :
1603 2515 1679 2571 sed
1689 2513 1881 2571 egerfilius
1896 2547 1909 2565 ‚
1926 2512 2000 2569 sed

338 2592 524 2640 puerpera
541 2594 636 2622 uxor
649 2589 769 2623 tenet.
794 2579 946 2621 -Omnia
961 2576 1026 2634 effi,
1055 2575 1189 2618 debent
1206 2575 1339 2617 eadem
1359 2590 1435 2634 que
1450 2576 1606 2635 fuerint
1621 2592 1706 2620 cum
1714 2577 1995 2633 promitterem,

341 2656 388 2686 ut
410 2642 667 2700 promittentia
684 2637 805 2693 fidem
820 2653 958 2682 remae.
997 2634 1171 2682 Omnia
1194 2634 1395 2697 intellige
1420 2650 1508 2698 pro
1540 2636 1675 2684 astus·
1690 2637 1785 2697 ejus
1812 2633 1872 2681 de
1900 2647 1997 2696 quo

340 2702 551 2763 quaeritur
568 2714 739 2754 natura,
757 2714 807 2745 ut
820 2701 909 2759 jam
926 2698 1075 2745 modo
1091 2697 1394 2760 exposuimus.

409 2765 458 2811 X
471 2765 520 2810 X
535 2762 685 2812 VIII.
725 2762 939 2809 Diximus
965 2761 1048 2807 alia
1066 2777 1247 2824 quoque
1264 2759 1348 2807 effe
1365 2757 1488 2822 poss'e
1503 2758 1626 2824 signa
1640 2759 1885 2807 voluntatis
1900 2773 1997 2821 quae

343 2826 577 2874 ostendant
595 2824 743 2872 casum
768 2823 1080 2872 eximendum.
1107 2826 1227 2871 lnter
1241 2839 1293 2869 ea
1310 2823 1427 2888 signa
1440 2822 1547 2869 nihil
1577 2823 1766 2871 validius
1781 2817 1843 2867 est
1859 2837 1997 2882 quam

342 2889 483 2938 verba
501 2889 591 2934 alio
604 2888 711 2934 loco
737 2888 881 2950 polita
900 2925 913 2944 ,
948 2903 1040 2934 non
1055 2886 1131 2933 ubi
1149 2885 1318 2932 directe
1344 2899 1542 2948 pugnant
1559 2921 1570 2936 ‚
1604 2902 1700 2948 quae
1717 2885 1778 2933 est
1793 2881 1994 2938 ἆνῖυομῖα,

341 2969 467 3012 cuius
489 2951 614 3014 supra
631 2952 917 2998 meminimus
937 2989 947 3005 ,
983 2949 1056 2995 sed
1078 2965 1181 2996 cum
1199 2947 1324 2995 velut
1338 2947 1564 3006 insperato
1581 2966 1639 2996 ex
1661 2947 1758 3011 ipso
1773 2961 1922 2994 rerum
1947 2962 1998 2993 e·-

345 3032 482 3062 ventu
497 3016 611 3059 inter
629 3013 671 3059 se
687 3016 1041 3060 committuntur
1059 3051 1070 3070 ‚
1090 3028 1224 3072 quam
1241 3008 1469 3058 Rhetores
1488 3013 1634 3059 Graeci
1652 3023 1841 3064 vocant,
1874 3007 1998 3053 «ἦνέκ

346 3076 566 3123 ὡςυὶπως
581 3074 719 3130 adpen-

409 3139 625 3186 XXIX.
661 3139 709 3185 In
738 3138 821 3183 hac
849 3136 1173 3201 disceptatione
1205 3149 1305 3181 utra
1352 3151 1422 3180 ars
1451 3134 1600 3198 scripti
1621 3151 1723 3181 cum
1754 3147 1813 3178 ex
1828 3129 1928 3178 casu
1945 3131 1996 3178 fit

344 3203 515 3248 collisio
534 3201 772 3264 praevalere
787 3199 951 3246 debeat
971 3239 981 3255 ,
1016 3199 1190 3261 regulas
1220 3151 1432 3259 quasiiam
1458 3216 1516 3244 ex
1529 3199 1725 3258 antiquis
1737 3193 1996 3241 austoribus

341 3268 367 3293 *
388 3264 558 3311 Cicero
570 3263 731 3324 posuit,
748 3279 842 3324 quae
861 3280 910 3308 ut
928 3259 1179 3322 spernendae
1191 3261 1448 3321 neutiquam
1467 3260 1578 3314 sunt,
1597 3261 1658 3305 ita
1675 3258 1787 3304 mihi
1805 3271 1897 3303 non
1913 3255 1994 3303 suo

345 3325 507 3375 ordine
532 3325 743 3375 videntur
774 3325 1026 3376 collocatae.
1058 3322 1165 3372 Nos
1182 3339 1257 3373 eas
1287 3323 1404 3372 hunc
1427 3324 1472 3372 in
1494 3321 1691 3371 modum
1717 3319 1996 3387 digeremuS.

1883 3378 1994 3429 *Vt
