2475 3854
707 295 1668 340 ACPACI8,1.18.11.
1934 307 2004 338 121

350 362 473 415 aetus
487 377 502 412 t
516 358 643 425 quod
656 358 790 410 datur
805 376 883 410 aut
913 361 1172 427 (impliciter
1187 401 1200 419 ‚
1220 377 1297 410 aut
1313 379 1372 410 ex
1386 362 1701 428 suppofitione.
1726 362 2005 427 Simpliciter

350 427 485 474 datur
498 426 588 472 hoc
601 426 671 485 jus
689 423 748 470 ad
764 424 886 472 actus
899 425 1026 477 tales,
1042 426 1199 488 quibus
1215 430 1273 473 ea‘
1283 442 1615 490 comparantur,
1637 425 1726 474 fine
1741 428 1899 490 quibus
1913 431 2005 477 vita

348 485 601 536 commode
613 487 716 533 duci
733 488 901 550 nequit.
918 486 1033 535 Non
1043 489 1163 535 enim
1179 504 1259 550 par
1270 490 1344 536 hic
1360 489 1592 536 neceffitas
1611 491 1869 550 requiritur,
1896 506 1945 537 ut
1959 492 2005 542 in

350 566 402 598 re
413 549 554 596 aliena
570 549 844 612 arripienda:
867 551 971 613 quia
988 551 1062 597 hic
1080 567 1170 596 non
1187 552 1334 615 agitur
1351 551 1410 596 de
1424 568 1481 598 eo
1500 550 1623 614 quod
1635 551 1710 597 fiat
1725 552 1921 599 domino
1939 554 2004 599 in-

352 614 454 660 vito
471 650 482 668 ,
500 610 577 658 sed
589 611 651 657 de
666 612 813 658 modo
827 613 1084 676 acquirendi
1103 613 1301 660 dominis
1316 614 1569 660 volentibus
1588 628 1783 660 :tantum
1800 631 1854 660 ne
1866 614 1910 659 id
1930 629 2007 660 aut

351 675 454 738 lege
469 674 562 720 lata
581 712 592 730 ,
610 689 684 720 aut
703 674 1030 738 conspiratione
1057 676 1277 738 impedire
1293 676 1441 722 liceat.
1481 677 1551 722 Est
1568 677 1685 721 enim
1709 676 1796 721 talc
1811 676 2006 739 impedi-

349 752 553 784 mentum
570 750 732 784 naturae
748 738 972 785 societatis
987 741 1264 786 contrarium
1278 740 1324 785 in
1341 739 1408 785 his
1425 755 1532 801 quas
1547 739 1639 785 dixi
1663 736 1807 784 rebus.
1819 737 1925 784 Hoc
1940 738 2002 784 cst

351 799 478 864 quod
496 798 760 846 Ambrosius
772 814 908 847 vocat
930 838 942 857 ‚
971 801 996 828 *
1003 805 1181 861 ftparare
1193 804 1220 846 ἃ
1238 808 1457 848 commercia
1472 806 1676 847 communis
1691 806 1859 861 parentis
1875 838 1887 854 ‚
1897 805 2002 862 fufhs

322 888 323 891 =
353 865 811 923 ommhuspartmnegare
831 899 844 918 ‚
872 866 1055 922 consortia
1071 866 1240 908 vivendi
1268 881 1544 911 averruncare.
1575 861 1700 909 Nam
1718 861 1775 907 de
1794 861 2004 920 superva-

353 924 510 975 cuis&
525 937 649 969 mere
666 924 928 987 voluptariis
945 940 1035 970 non
1052 926 1223 988 agimus
1244 961 1255 980 ,
1278 922 1354 970 sed
1370 922 1429 972 de
1444 925 1512 971 his
1544 940 1637 986 quae
1660 926 1752 972 vita
1763 922 2001 982 deiiderat‚

353 999 463 1053 puta
475 984 713 1042 alimentis,
729 986 1013 1043 vestimentis,
1028 986 1390 1043 medicamentis.
2149 1034 2164 1050 γ

419 1046 579 1094 XIX.
615 1047 689 1094 Ad
702 1049 792 1095 haec
806 1050 940 1114 igitur
956 1064 1084 1111 aequo
1100 1050 1249 1112 pretio
1270 1046 1573 1110 comparanda
1589 1053 1654 1108 jus
1670 1048 1755 1095 effe
1789 1047 1998 1094 omnibus
2017 1032 2215 1121 ξξῖᾗὶζῐξζ]

354 1107 614 1157 hominibus
630 1110 921 1158 affeveramus
939 1112 1126 1158 :demto
1144 1150 1154 1168 ‚
1170 1111 1198 1157 fi
1213 1115 1239 1157 a
1257 1109 1415 1172 quibus
1425 1112 1591 1171 petitur
1607 1110 1682 1171 ipfi
1699 1114 1791 1169 ejus
1805 1112 1867 1156 rei
1883 1109 1999 1155 indi-
2017 1136 2048 1156 c.
2068 1133 2119 1165 ¹4
2136 1125 2196 1161 tbi.
2218 1105 2230 1112 ”

355 1186 496 1236 geant
512 1188 523 1220 :
540 1176 566 1203 *
587 1173 829 1236 quomodo
846 1176 891 1220 in
904 1172 1076 1220 summa
1108 1176 1292 1237 penuria
1310 1170 1525 1219 frumenti
1546 1172 1752 1220 venditio
1788 1170 1999 1234 prohibe-
2020 1171 2131 1206 Term-

354 1248 431 1281 tur
447 1271 459 1282 .
479 1233 538 1281 Et
553 1249 705 1283 tamen
720 1253 777 1283 ne
792 1238 837 1283 in
862 1237 938 1283 tali
970 1234 1150 1299 quidem
1183 1233 1438 1282 necestitate
1472 1235 1631 1296 expelli
1658 1235 1779 1297 poffe
1792 1233 2003 1281 admissos

354 1295 491 1345 semel
519 1300 782 1363 perevrinos
802 1337 813 1355 ‚
840 1298 1166 1347 sedcommune
1185 1299 1353 1345 malum
1368 1294 1669 1345 com‘muniter
1697 1294 2003 1344 tolerandum.

357 1358 553 1407 ostendit
575 1339 780 1409 indicato
811 1365 904 1423 jam
921 1361 1027 1408 loco
1044 1360 1323 1409 Ambrosius.
2023 1403 2066 1436 M
2065 1403 2104 1436 01·

422 1421 472 1471 X
488 1423 555 1470 X.
594 1424 665 1471 Ad
684 1426 758 1471 sua
774 1439 926 1471 autem
939 1423 1173 1471 vendenda
1201 1440 1291 1471 non
1317 1438 1489 1488 :equum
1522 1422 1590 1480 jus
1604 1419 1677 1467 est.
1703 1436 1805 1467 nam
1821 1419 2002 1468 cuilibet
2011 1413 2155 1491 ,ap-'1¹2
2164 1455 2196 1489 5-

355 1482 547 1541 liberum
565 1487 626 1534 est
643 1485 833 1535 statuere
861 1487 971 1550 quid
989 1487 1095 1534 velit
1112 1489 1342 1548 acquirere
1357 1501 1432 1533 aut
1444 1500 1549 1530 non.
1580 1483 1647 1530 Ita
1663 1484 1814 1530 vinum
1832 1483 1880 1526 &
1896 1484 2000 1528 alias
2017 1498 2122 1541 degi.
2139 1498 2222 1540 ηεξ.

355 1563 531 1596 merces
539 1552 740 1597 exoticas
751 1550 862 1596 olim
880 1566 968 1596 non
981 1549 1252 1612 recipiebant
1268 1549 1430 1611 Belgae.
1460 1545 1518 1592 Et
1536 1545 1594 1591 de
1607 1544 1828 1591 Arabibus
1838 1543 1998 1590 Naba·
2020 1540 2191 1619 deust-[3-

354 1611 446 1657 t‘aeis
459 1609 645 1660 Strabo.
657 1611 683 1661 †
695 1612 940 1666 εἶιπιγώγρμ
955 1608 989 1652 δ’
1001 1615 1055 1657 ἒςὶ
1072 1610 1122 1653 πὶ
1139 1607 1174 1652 δ’
1190 1613 1218 1652 δ’
1229 1611 1425 1657 σπινἾελῦς.
1460 1613 1484 1639 *
1513 1616 1718 1668 importare
1742 1625 1873 1654 merces
1888 1610 2001 1670 quas-
2017 1596 2148 1678 20:1¹2
2165 1586 2237 1669 gb

357 1677 453 1719 dam
467 1679 566 1730 licet,
585 1679 773 1738 quasdam
789 1695 864 1721 non
878 1683 980 1720 item.
2019 1695 2053 1714 n·
2071 1689 2129 1720 52-

419 1733 470 1782 X
481 1735 529 1782 X
543 1736 583 1791 Ι.
616 1738 663 1784 ln
680 1738 768 1784 hoc
782 1739 895 1798 jure,
913 1735 1039 1799 quod
1056 1736 1250 1784 diximus
1265 1775 1277 1792 ‚
1292 1735 1422 1781 ineffe
1432 1730 1654 1779 censemus
1669 1731 1804 1776 etiam
1822 1729 2001 1775 liberta·
2021 1727 2093 1808 gs&
2105 1735 2132 1761 ¹-
2149 1724 2218 1763 ΜΙ-

356 1813 451 1855 tem
468 1801 758 1847 matrimonia
778 1800 1004 1846 ambiendi
1022 1798 1370 1846 &contrahendi
1387 1795 1506 1857 apud
1535 1796 1702 1840 vicinas
1716 1806 1870 1856 gentes
1889 1828 1901 1845 ‚
1920 1805 2002 1857 pu·
2022 1788 2126 1855 τῇ.
2150 1826 2236 1857 ΧΠ.

355 1877 420 1916 ta,
438 1860 468 1907 fi
487 1863 689 1909 virorum
706 1862 895 1927 populus
910 1861 1087 1908 aliunde
1103 1859 1304 1923 expulsus
1322 1860 1411 1906 alio
1429 1857 1674 1904 advenerit.
1704 1871 1804 1900 nam
1835 1853 1920 1899 fine
1934 1854 2002 1896 ie-

357 1925 481 1974 mina
494 1940 669 1971 :etatem
686 1942 819 1990 agere
838 1924 915 1971 etfi
935 1925 1135 1971 humanae
1161 1938 1323 1969 naturae
1351 1936 1441 1968 non
1461 1920 1647 1966 omnino
1675 1929 1885 1983 repugnat
1905 1952 1915 1969 ‚
1934 1927 2007 1958 re-

356 2002 527 2052 pugnat
544 2003 694 2035 tamen
721 2003 880 2035 naturae
908 1986 1229 2050 plerorumque
1261 1985 1509 2030 hominum.
1539 1978 1770 2026 coelibatus
1782 1992 1899 2045 enim
1915 1991 2004 2021 non

357 2051 430 2096 nili
444 2050 762 2099 excellentibus
780 2052 935 2098 animis
961 2049 1187 2096 convenit.
1220 2049 1373 2109 Qre
1389 2044 1573 2090 facultas
1590 2038 1879 2102 comparandi
1892 2052 2007 2082 uxo-

356 2129 429 2169 res
447 2112 584 2161 adimi
603 2115 707 2160 viris
723 2130 813 2160 nou
824 2112 978 2159 debet.
1012 2110 1237 2157 Romulus
1253 2109 1372 2171 apud
1388 2105 1568 2154 Livium
1589 2105 1757 2170 vicinos
1774 2115 1904 2164 rogat
1928 2137 1940 2154 ‚
1955 2114 2008 2144 ne
2018 2107 2094 2143 nb.
2112 2115 2147 2143 ι.

355 2191 600 2240 graventur
614 2176 819 2222 homines
832 2191 935 2222 cum
952 2173 1204 2219 hominibus
1217 2170 1469 2235 sanguinem
1486 2170 1532 2213 &
1549 2181 1687 2230 genus
1698 2162 1899 2209 miscere.
1917 2160 2005 2208 Ca·

358 2239 477 2298 nulej
484 2255 533 2285 us
550 2239 668 2300 apud
678 2237 872 2284 eundem
892 2254 903 2285 ζ
925 2239 1168 2283 Connubmm
1178 2240 1356 2297 perimas,
1373 2233 1667 2296 quodfinitimis,
1692 2229 1923 2294 externisque
1939 2227 2006 2292 42-

357 2306 509 2360 rifhlet.
543 2312 630 2348 Iure
643 2306 727 2348 belli
740 2304 869 2360 injuste
894 2315 1046 2360 negatas
1061 2303 1211 2359 nuptias
1219 2298 1317 2355 juste-
1332 2300 1454 2341 vigor
1469 2297 1653 2354 auferret,
1679 2287 1921 2355 Augustino
1937 2302 2006 2344 Ju-

359 2363 473 2410 dice.
489 2364 636 2428 Leges
651 2377 801 2409 autem
815 2361 966 2409 civiles
983 2360 1238 2421 aliquorum
1255 2355 1528 2421 populorum
1552 2390 1563 2408 ‚
1584 2367 1678 2421 quae
1695 2348 1912 2417 connubia
1936 2363 2008 2392 cx-

355 2427 468 2482 tetis
486 2441 668 2491 negant,
688 2440 764 2472 aut
781 2440 834 2471 ea
851 2425 1024 2471 ratione
1041 2424 1252 2476 nituntur,
1274 2417 1398 2482 quod
1417 2414 1698 2477 temporibus
1710 2449 1721 2468 ‚
1735 2409 1895 2482 ’quibus
1913 2408 2006 2455 sunt

358 2488 557 2542 conditae
570 2526 582 2544 ‚
621 2488 726 2534 nulli
742 2501 870 2534 erant
884 2485 1038 2549 populi
1051 2482 1209 2545 quibus
1224 2498 1312 2528 non
1330 2480 1614 2546 foeminarum
1645 2489 1787 2543 cop1a·
1808 2471 2008 2534 suppete-

359 2565 430 2598 ret
449 2589 460 2606 ‚
475 2566 552 2598 aut
569 2566 660 2598 non
678 2550 738 2596 de
754 2547 977 2612 quibusvis
993 2544 1229 2592 connubiis
1244 2558 1379 2606 agunt
1399 2580 1410 2597 ‚
1429 2541 1503 2588 sed
1520 2539 1577 2585 de
1594 2541 1646 2585 iis
1663 2553 1758 2598 quae
1773 2533 1880 2594 justa
1896 2533 2006 2587 sunt,

358 2613 452 2663 hoc
467 2614 529 2661 est
545 2629 639 2675 quae
655 2610 863 2674 speciales
880 2608 1096 2673 quosdam
1110 2609 1218 2668 juris
1232 2607 1371 2655 civilis
1386 2603 1561 2651 effectus
1578 2602 1851 2669 producunt..
2197 2637 2205 2644 .

423 2675 473 2723 X
486 2676 569 2723 XI
589 2675 625 2723 1.
664 2675 734 2722 Ex
750 2672 1051 2738 suppositione
1068 2671 1136 2730 jus
1149 2685 1390 2716 commune
1403 2666 1463 2712 est
1481 2664 1537 2711 ad
1556 2661 1675 2709 actus
1694 2697 1704 2711 ,
1735 2674 1848 2721 quos
1864 2671 2008 2719 popu·
2024 2668 2132 2704 mid.
2145 2668 2241 2704 rem.

360 2740 428 2786 lus
441 2739 599 2800 aliquis
618 2739 817 2784 externis
834 2734 1087 2799 promiscue
1102 2732 1341 2795 permittit.
1374 2729 1499 2775 Nam
1534 2740 1636 2771 tunc
1654 2723 1682 2769 fi
1696 2735 1804 2791 unus
1822 2719 2010 2790 populus
2027 2724 2114 2757 ¹¹·2·
2128 2723 2159 2758 ³·

360 2801 641 2857 excludatur,
663 2803 705 2846 ei
721 2801 772 2847 fit
785 2800 963 2859 injuria.
983 2795 1057 2844 Sic
1072 2794 1099 2841 li
1118 2794 1315 2840 externis
1333 2791 1494 2838 alicubi
1513 2801 1678 2841 venari,
1696 2782 1861 2845 piscari,
1881 2797 2014 2827 aucu-

361 2863 473 2926 pari,
491 2864 755 2927 margaritas
771 2863 922 2926 legere
938 2861 1056 2914 licet,
1077 2857 1106 2903 fi
1125 2872 1182 2903 ex
1202 2855 1467 2901 testamento
1485 2863 1654 2913 capere,
1676 2847 1704 2893 si
1721 2862 1790 2892 res
1806 2844 2014 2913 vendere,

362 2925 393 2973 ii
412 2927 548 2972 etiam
564 2939 694 2972 extra
710 2925 940 2988 penuriam
959 2921 1227 2968 feminarum
1242 2918 1452 2980 conjugia
1469 2910 1735 2980 contrahere
1754 2947 1765 2963 2
1784 2924 1854 2952 ΠΝ
1872 2921 2016 2968 popu-

362 2987 413 3034 lo
441 2987 490 3033 id
522 2988 674 3039 negari
705 3002 795 3032 non
821 2985 967 3048 potest
984 3005 998 3042 3
1045 2982 1122 3027 nisi
1151 2979 1361 3025 delictum
1379 2977 1662 3041 praecessent:
1697 2985 1784 3032 qua
1801 2969 1859 3013 de
1876 2965 2016 3013 caussa

362 3040 672 3107 Benjamiffitis
688 3048 868 3094 Hebraei
882 3046 1032 3095 caeteri
1048 3043 1310 3090 ademerunt
1327 3039 1536 3087 connubii
1557 3035 1834 3104 facultatem.

429 3113 480 3160 X
499 3112 575 3159 XI
594 3111 615 3158 I
636 3111 670 3158 Ι.
706 3109 797 3156 Sed
815 3110 873 3156 de
892 3105 1109 3173 permistis
1127 3104 1252 3167 quod
1273 3103 1466 3149 diximus
1485 3139 1496 3152 ,
1534 3093 1868 3163 intelligendum
1887 3088 1946 3134 est
1963 3087 2021 3131 de

366 3177 437 3222 his
457 3213 468 3231 ,
483 3189 578 3235 quae
592 3170 796 3237 permiffa
810 3171 904 3220 sunt
928 3184 1139 3232 tanquam
1172 3181 1231 3212 ex
1247 3167 1290 3211 vi
1322 3163 1532 3210 naturalis
1554 3160 1770 3205 libertatis
1788 3153 1904 3200 nulla
1925 3151 2023 3211 lege

367 3236 544 3286 sublatae
563 3251 681 3283 :non
697 3235 724 3282 fi
745 3233 946 3296 permissa
963 3231 1043 3278 sint
1079 3245 1157 3291 per
1176 3227 1439 3274 beneficium
1468 3220 1707 3288 relaxaudo
1726 3218 1889 3278 legem.
1923 3228 2022 3282 nam
2083 3281 2087 3287 “

365 3301 414 3349 in
427 3298 627 3347 beneficii
643 3298 880 3363 negatione
896 3294 1013 3344 nulla
1025 3292 1084 3342 est
1099 3292 1267 3353 injuria.
1293 3289 1439 3399 Ait-ime
1453 3288 1514 3334 ita
1535 3283 1803 3333 arbitramur
1815 3275 2027 3400 εῖῃὲὲιὲἑ
2042 3279 2133 3328 0¹3³·
2146 3283 2226 3324 ¹05·

1407 3362 1432 3409 5
1879 3356 1891 3385 ¹
1926 3372 1929 3377 ²

2022 788 2078 820 ‘De
2088 785 2201 831 Officii!

2029 842 2041 868 x
2056 843 2106 869 ιι.
2119 847 2145 869 c.
2159 843 2197 877 7·

2027 2217 2098 2249 Lib.
2117 2222 2175 2251 ιν.

2029 2342 2156 2375 Deer‘v.
2173 2336 2238 2370 nei

2026 2390 2049 2425 l.
2071 2397 2161 2424 us.
2175 2393 2239 2426 ¹7·

2032 3021 2183 3056 Iud-aot.
