<?xml version="1.0" encoding="UTF-8"?>
<!DOCTYPE html PUBLIC "-//W3C//DTD XHTML 1.0 Transitional//EN"
    "http://www.w3.org/TR/xhtml1/DTD/xhtml1-transitional.dtd">
<html xmlns="http://www.w3.org/1999/xhtml" xml:lang="en" lang="en">
 <head>
  <title>
</title>
<meta http-equiv="Content-Type" content="text/html;charset=utf-8" />
  <meta name='ocr-system' content='tesseract 3.04.00' />
  <meta name='ocr-capabilities' content='ocr_page ocr_carea ocr_par ocr_line ocrx_word'/>
</head>
<body>
  <div class='ocr_page' id='page_1' title='image "./hugonisgrottiide010grotuoft_0032.png"; bbox 0 0 2380 3917; ppageno 0'>
   <div class='ocr_carea' id='block_1_1' title="bbox 203 3 704 13">
    <p class='ocr_par' dir='ltr' id='par_1_1' title="bbox 203 3 704 13">
     <span class='ocr_line' id='line_1_1' title="bbox 203 3 704 13; baseline 0 0"><span class='ocrx_word' id='word_1_1' title='bbox 203 3 704 13; x_wconf 95' lang='lat' dir='ltr'> </span> 
     </span>
    </p>
   </div>
   <div class='ocr_carea' id='block_1_2' title="bbox 32 0 2380 28">
    <p class='ocr_par' dir='ltr' id='par_1_2' title="bbox 32 0 2380 28">
     <span class='ocr_line' id='line_1_2' title="bbox 32 0 2380 28; baseline 0 3889"><span class='ocrx_word' id='word_1_2' title='bbox 32 0 2380 28; x_wconf 95' lang='lat' dir='ltr'> </span> 
     </span>
    </p>
   </div>
   <div class='ocr_carea' id='block_1_3' title="bbox 809 356 1698 398">
    <p class='ocr_par' dir='ltr' id='par_1_3' title="bbox 809 356 1698 398">
     <span class='ocr_line' id='line_1_3' title="bbox 809 356 1698 398; baseline 0.002 -2"><span class='ocrx_word' id='word_1_3' title='bbox 809 356 1698 398; x_wconf 65' lang='lat' dir='ltr'><strong>PROLEGOMENA.</strong></span> 
     </span>
    </p>
   </div>
   <div class='ocr_carea' id='block_1_4' title="bbox 389 422 2082 3382">
    <p class='ocr_par' dir='ltr' id='par_1_4' title="bbox 394 422 2082 2943">
     <span class='ocr_line' id='line_1_4' title="bbox 413 422 2076 491; baseline 0 -14"><span class='ocrx_word' id='word_1_4' title='bbox 413 423 744 482; x_wconf 85' lang='lat' dir='ltr'>sumuntur,sed</span> <span class='ocrx_word' id='word_1_5' title='bbox 761 424 1044 480; x_wconf 84' lang='lat' dir='ltr'>nimirum‚ut</span> <span class='ocrx_word' id='word_1_6' title='bbox 1057 422 1177 473; x_wconf 65' lang='lat' dir='ltr'>resta</span> <span class='ocrx_word' id='word_1_7' title='bbox 1197 423 1391 483; x_wconf 85' lang='lat' dir='ltr'>sint‚non</span> <span class='ocrx_word' id='word_1_8' title='bbox 1409 427 1573 474; x_wconf 86' lang='lat' dir='ltr'>minori</span> <span class='ocrx_word' id='word_1_9' title='bbox 1590 427 1811 491; x_wconf 83' lang='lat' dir='ltr'>religione</span> <span class='ocrx_word' id='word_1_10' title='bbox 1823 425 2076 477; x_wconf 82' lang='lat' dir='ltr'>exercenda</span> 
     </span>
     <span class='ocr_line' id='line_1_5' title="bbox 413 487 2082 555; baseline -0.001 -17"><span class='ocrx_word' id='word_1_11' title='bbox 413 508 550 555; x_wconf 84' lang='lat' dir='ltr'>quam</span> <span class='ocrx_word' id='word_1_12' title='bbox 565 489 732 549; x_wconf 77' lang='lat' dir='ltr'>judicia</span> <span class='ocrx_word' id='word_1_13' title='bbox 763 488 962 535; x_wconf 80' lang='lat' dir='ltr'>exerceri</span> <span class='ocrx_word' id='word_1_14' title='bbox 979 487 1142 536; x_wconf 85' lang='lat' dir='ltr'>solent.</span> <span class='ocrx_word' id='word_1_15' title='bbox 1169 487 1341 536; x_wconf 88' lang='lat' dir='ltr'>Sileant</span> <span class='ocrx_word' id='word_1_16' title='bbox 1356 505 1470 553; x_wconf 85' lang='lat' dir='ltr'>ergo</span> <span class='ocrx_word' id='word_1_17' title='bbox 1488 489 1614 555; x_wconf 86' lang='lat' dir='ltr'>leges</span> <span class='ocrx_word' id='word_1_18' title='bbox 1633 493 1748 538; x_wconf 89' lang='lat' dir='ltr'>inter</span> <span class='ocrx_word' id='word_1_19' title='bbox 1769 506 1906 544; x_wconf 85' lang='lat' dir='ltr'>arma,</span> <span class='ocrx_word' id='word_1_20' title='bbox 1923 490 1999 539; x_wconf 88' lang='lat' dir='ltr'>sed</span> <span class='ocrx_word' id='word_1_21' title='bbox 2016 493 2082 538; x_wconf 90' lang='lat' dir='ltr'>ci-</span> 
     </span>
     <span class='ocr_line' id='line_1_6' title="bbox 413 551 2080 617; baseline 0.001 -16"><span class='ocrx_word' id='word_1_22' title='bbox 413 556 527 602; x_wconf 81' lang='lat' dir='ltr'>viles</span> <span class='ocrx_word' id='word_1_23' title='bbox 542 553 624 601; x_wconf 83' lang='lat' dir='ltr'>illae</span> <span class='ocrx_word' id='word_1_24' title='bbox 643 551 948 612; x_wconf 68' lang='lat' dir='ltr'>&amp;judiciariae</span> <span class='ocrx_word' id='word_1_25' title='bbox 961 552 1010 597; x_wconf 69' lang='grc' dir='ltr'>δι</span> <span class='ocrx_word' id='word_1_26' title='bbox 1028 552 1149 613; x_wconf 85' lang='lat' dir='ltr'>pacis</span> <span class='ocrx_word' id='word_1_27' title='bbox 1165 554 1355 614; x_wconf 65' lang='lat' dir='ltr'>propriae·</span> <span class='ocrx_word' id='word_1_28' title='bbox 1374 591 1385 610; x_wconf 89' lang='lat'>‚</span> <span class='ocrx_word' id='word_1_29' title='bbox 1417 569 1508 601; x_wconf 90' lang='lat' dir='ltr'>non</span> <span class='ocrx_word' id='word_1_30' title='bbox 1521 554 1612 602; x_wconf 80' lang='lat' dir='ltr'>aliae</span> <span class='ocrx_word' id='word_1_31' title='bbox 1625 568 1848 617; x_wconf 76' lang='lat' dir='ltr'>perpetua:</span> <span class='ocrx_word' id='word_1_32' title='bbox 1867 557 1914 602; x_wconf 87' lang='lat'>&amp;</span> <span class='ocrx_word' id='word_1_33' title='bbox 1932 554 2080 602; x_wconf 86' lang='lat' dir='ltr'>omni·</span> 
     </span>
     <span class='ocr_line' id='line_1_7' title="bbox 413 615 2077 679; baseline -0.001 -16"><span class='ocrx_word' id='word_1_34' title='bbox 413 616 499 665; x_wconf 89' lang='lat' dir='ltr'>bus</span> <span class='ocrx_word' id='word_1_35' title='bbox 515 615 799 677; x_wconf 79' lang='lat' dir='ltr'>temporibus</span> <span class='ocrx_word' id='word_1_36' title='bbox 832 615 1209 662; x_wconf 84' lang='lat' dir='ltr'>accommodatae.</span> <span class='ocrx_word' id='word_1_37' title='bbox 1245 615 1441 679; x_wconf 85' lang='lat' dir='ltr'>Optime</span> <span class='ocrx_word' id='word_1_38' title='bbox 1461 619 1580 664; x_wconf 88' lang='lat' dir='ltr'>enim</span> <span class='ocrx_word' id='word_1_39' title='bbox 1599 617 1768 664; x_wconf 67' lang='lat' dir='ltr'>distmn</span> <span class='ocrx_word' id='word_1_40' title='bbox 1786 617 1848 665; x_wconf 89' lang='lat' dir='ltr'>est</span> <span class='ocrx_word' id='word_1_41' title='bbox 1873 621 1901 666; x_wconf 72' lang='lat' dir='ltr'>a</span> <span class='ocrx_word' id='word_1_42' title='bbox 1917 617 2077 666; x_wconf 83' lang='lat' dir='ltr'>Dione</span> 
     </span>
     <span class='ocr_line' id='line_1_8' title="bbox 414 673 2077 741; baseline 0 -14"><span class='ocrx_word' id='word_1_43' title='bbox 414 678 666 734; x_wconf 79' lang='lat' dir='ltr'>Prusaeensi,</span> <span class='ocrx_word' id='word_1_44' title='bbox 687 680 802 724; x_wconf 84' lang='lat' dir='ltr'>inter</span> <span class='ocrx_word' id='word_1_45' title='bbox 819 676 967 725; x_wconf 88' lang='lat' dir='ltr'>hostes</span> <span class='ocrx_word' id='word_1_46' title='bbox 984 673 1141 741; x_wconf 84' lang='lat' dir='ltr'>scripta</span> <span class='ocrx_word' id='word_1_47' title='bbox 1159 677 1344 741; x_wconf 87' lang='lat' dir='ltr'>quidem</span> <span class='ocrx_word' id='word_1_48' title='bbox 1361 679 1525 738; x_wconf 77' lang='lat' dir='ltr'>jura,id</span> <span class='ocrx_word' id='word_1_49' title='bbox 1546 682 1620 738; x_wconf 88' lang='lat' dir='ltr'>est,</span> <span class='ocrx_word' id='word_1_50' title='bbox 1638 681 1787 729; x_wconf 87' lang='lat' dir='ltr'>civilia</span> <span class='ocrx_word' id='word_1_51' title='bbox 1802 697 1890 728; x_wconf 88' lang='lat' dir='ltr'>non</span> <span class='ocrx_word' id='word_1_52' title='bbox 1908 680 2077 739; x_wconf 80' lang='lat' dir='ltr'>valere,</span> 
     </span>
     <span class='ocr_line' id='line_1_9' title="bbox 413 738 2079 808; baseline 0 -17"><span class='ocrx_word' id='word_1_53' title='bbox 413 758 462 791; x_wconf 79' lang='lat' dir='ltr'>at</span> <span class='ocrx_word' id='word_1_54' title='bbox 473 742 668 791; x_wconf 83' lang='lat' dir='ltr'>*valere</span> <span class='ocrx_word' id='word_1_55' title='bbox 681 757 773 787; x_wconf 88' lang='lat' dir='ltr'>non</span> <span class='ocrx_word' id='word_1_56' title='bbox 791 738 869 787; x_wconf 91' lang='lat' dir='ltr'>scri</span> <span class='ocrx_word' id='word_1_57' title='bbox 906 757 967 797; x_wconf 84' lang='lat' dir='ltr'>ta,</span> <span class='ocrx_word' id='word_1_58' title='bbox 983 741 1032 788; x_wconf 90' lang='lat' dir='ltr'>id</span> <span class='ocrx_word' id='word_1_59' title='bbox 1048 741 1125 799; x_wconf 86' lang='lat' dir='ltr'>est,</span> <span class='ocrx_word' id='word_1_60' title='bbox 1139 755 1192 788; x_wconf 87' lang='lat' dir='ltr'>ca</span> <span class='ocrx_word' id='word_1_61' title='bbox 1206 758 1299 804; x_wconf 84' lang='lat' dir='ltr'>quae</span> <span class='ocrx_word' id='word_1_62' title='bbox 1316 756 1471 789; x_wconf 78' lang='lat' dir='ltr'>natura</span> <span class='ocrx_word' id='word_1_63' title='bbox 1484 743 1637 800; x_wconf 69' lang='lat' dir='ltr'>distat,</span> <span class='ocrx_word' id='word_1_64' title='bbox 1652 757 1727 790; x_wconf 88' lang='lat' dir='ltr'>aut</span> <span class='ocrx_word' id='word_1_65' title='bbox 1741 745 1944 808; x_wconf 85' lang='lat' dir='ltr'>gentium</span> <span class='ocrx_word' id='word_1_66' title='bbox 1964 760 2079 791; x_wconf 90' lang='lat' dir='ltr'>con-</span> 
     </span>
     <span class='ocr_line' id='line_1_10' title="bbox 414 803 2078 854; baseline -0.001 -1"><span class='ocrx_word' id='word_1_67' title='bbox 414 806 559 854; x_wconf 85' lang='lat' dir='ltr'><strong>sensus</strong></span> <span class='ocrx_word' id='word_1_68' title='bbox 573 803 815 854; x_wconf 87' lang='lat' dir='ltr'>constituit.</span> <span class='ocrx_word' id='word_1_69' title='bbox 904 819 1006 851; x_wconf 90' lang='lat' dir='ltr'>ocet</span> <span class='ocrx_word' id='word_1_70' title='bbox 1024 805 1114 851; x_wconf 90' lang='lat' dir='ltr'>hoc</span> <span class='ocrx_word' id='word_1_71' title='bbox 1128 819 1258 852; x_wconf 86' lang='lat' dir='ltr'>vetus</span> <span class='ocrx_word' id='word_1_72' title='bbox 1273 804 1348 852; x_wconf 89' lang='lat' dir='ltr'>illa</span> <span class='ocrx_word' id='word_1_73' title='bbox 1361 803 1680 854; x_wconf 82' lang='lat' dir='ltr'>Romanorum</span> <span class='ocrx_word' id='word_1_74' title='bbox 1698 805 1898 854; x_wconf 84' lang='lat' dir='ltr'>formula</span> <span class='ocrx_word' id='word_1_75' title='bbox 1919 823 1930 854; x_wconf 80' lang='lat' dir='ltr'><em>z</em></span> <span class='ocrx_word' id='word_1_76' title='bbox 1946 826 2009 852; x_wconf 66' lang='lat' dir='ltr'>eas</span> <span class='ocrx_word' id='word_1_77' title='bbox 2018 825 2078 853; x_wconf 85' lang='lat' dir='ltr'>res</span> 
     </span>
     <span class='ocr_line' id='line_1_11' title="bbox 408 867 2076 933; baseline 0 -18"><span class='ocrx_word' id='word_1_78' title='bbox 408 885 508 933; x_wconf 82' lang='lat' dir='ltr'>puro</span> <span class='ocrx_word' id='word_1_79' title='bbox 522 876 658 932; x_wconf 79' lang='lat' dir='ltr'>pioque</span> <span class='ocrx_word' id='word_1_80' title='bbox 688 870 810 914; x_wconf 81' lang='lat' dir='ltr'>duello</span> <span class='ocrx_word' id='word_1_81' title='bbox 837 871 1053 930; x_wconf 71' lang='lat' dir='ltr'>quarendus</span> <span class='ocrx_word' id='word_1_82' title='bbox 1071 872 1204 927; x_wconf 81' lang='lat' dir='ltr'>censeo.</span> <span class='ocrx_word' id='word_1_83' title='bbox 1237 867 1383 915; x_wconf 77' lang='lat' dir='ltr'>Iidem</span> <span class='ocrx_word' id='word_1_84' title='bbox 1413 883 1590 919; x_wconf 80' lang='lat' dir='ltr'>veteres</span> <span class='ocrx_word' id='word_1_85' title='bbox 1609 869 1837 921; x_wconf 79' lang='lat' dir='ltr'>Romani,</span> <span class='ocrx_word' id='word_1_86' title='bbox 1863 884 1912 916; x_wconf 91' lang='lat' dir='ltr'>ut</span> <span class='ocrx_word' id='word_1_87' title='bbox 1929 870 2076 918; x_wconf 85' lang='lat' dir='ltr'>Varro</span> 
     </span>
     <span class='ocr_line' id='line_1_12' title="bbox 418 929 2076 996; baseline 0 -18"><span class='ocrx_word' id='word_1_88' title='bbox 418 929 762 980; x_wconf 82' lang='lat' dir='ltr'>notabat‚bella</span> <span class='ocrx_word' id='word_1_89' title='bbox 772 929 904 977; x_wconf 83' lang='lat' dir='ltr'>tarde</span> <span class='ocrx_word' id='word_1_90' title='bbox 920 930 1099 978; x_wconf 85' lang='lat' dir='ltr'>&amp;nulla</span> <span class='ocrx_word' id='word_1_91' title='bbox 1114 930 1291 979; x_wconf 87' lang='lat' dir='ltr'>licentia</span> <span class='ocrx_word' id='word_1_92' title='bbox 1306 931 1596 992; x_wconf 65' lang='lat' dir='ltr'>suscipiebant</span> <span class='ocrx_word' id='word_1_93' title='bbox 1616 972 1625 988; x_wconf 70' lang='grc'>.,</span> <span class='ocrx_word' id='word_1_94' title='bbox 1646 932 1769 996; x_wconf 88' lang='lat' dir='ltr'>quod</span> <span class='ocrx_word' id='word_1_95' title='bbox 1790 933 1958 981; x_wconf 88' lang='lat' dir='ltr'>bellurn</span> <span class='ocrx_word' id='word_1_96' title='bbox 1976 932 2076 978; x_wconf 88' lang='lat' dir='ltr'>nul-</span> 
     </span>
     <span class='ocr_line' id='line_1_13' title="bbox 416 992 2071 1064; baseline 0.002 -23"><span class='ocrx_word' id='word_1_97' title='bbox 416 994 514 1041; x_wconf 90' lang='lat' dir='ltr'>lum</span> <span class='ocrx_word' id='word_1_98' title='bbox 543 992 617 1040; x_wconf 85' lang='lat' dir='ltr'>nisi</span> <span class='ocrx_word' id='word_1_99' title='bbox 633 994 758 1057; x_wconf 88' lang='lat' dir='ltr'>pium</span> <span class='ocrx_word' id='word_1_100' title='bbox 777 992 996 1057; x_wconf 87' lang='lat' dir='ltr'>putabant</span> <span class='ocrx_word' id='word_1_101' title='bbox 1012 995 1108 1060; x_wconf 83' lang='lat' dir='ltr'>geri</span> <span class='ocrx_word' id='word_1_102' title='bbox 1135 1007 1369 1064; x_wconf 74' lang='lat' dir='ltr'>oportere.</span> <span class='ocrx_word' id='word_1_103' title='bbox 1408 993 1630 1043; x_wconf 76' lang='lat' dir='ltr'>Camillus</span> <span class='ocrx_word' id='word_1_104' title='bbox 1653 996 1763 1055; x_wconf 89' lang='lat' dir='ltr'>juste</span> <span class='ocrx_word' id='word_1_105' title='bbox 1793 1012 1885 1043; x_wconf 88' lang='lat' dir='ltr'>non</span> <span class='ocrx_word' id='word_1_106' title='bbox 1907 997 2071 1054; x_wconf 87' lang='lat' dir='ltr'>minus,</span> 
     </span>
     <span class='ocr_line' id='line_1_14' title="bbox 418 1055 2076 1123; baseline 0.001 -19"><span class='ocrx_word' id='word_1_107' title='bbox 418 1073 556 1122; x_wconf 88' lang='lat' dir='ltr'>quam</span> <span class='ocrx_word' id='word_1_108' title='bbox 574 1055 761 1104; x_wconf 88' lang='lat' dir='ltr'>fortiter</span> <span class='ocrx_word' id='word_1_109' title='bbox 790 1055 908 1103; x_wconf 87' lang='lat' dir='ltr'>bella</span> <span class='ocrx_word' id='word_1_110' title='bbox 923 1055 1121 1120; x_wconf 80' lang='lat' dir='ltr'>gerenda</span> <span class='ocrx_word' id='word_1_111' title='bbox 1139 1055 1349 1106; x_wconf 82' lang='lat' dir='ltr'>dicebat:</span> <span class='ocrx_word' id='word_1_112' title='bbox 1383 1057 1623 1107; x_wconf 87' lang='lat' dir='ltr'>Africanus</span> <span class='ocrx_word' id='word_1_113' title='bbox 1650 1059 1868 1123; x_wconf 87' lang='lat' dir='ltr'>populum</span> <span class='ocrx_word' id='word_1_114' title='bbox 1895 1058 2076 1106; x_wconf 76' lang='lat' dir='ltr'>Roma-</span> 
     </span>
     <span class='ocr_line' id='line_1_15' title="bbox 416 1117 2073 1185; baseline 0.001 -17"><span class='ocrx_word' id='word_1_115' title='bbox 416 1124 529 1168; x_wconf 86' lang='lat' dir='ltr'>num</span> <span class='ocrx_word' id='word_1_116' title='bbox 546 1121 594 1166; x_wconf 82' lang='lat'>&amp;</span> <span class='ocrx_word' id='word_1_117' title='bbox 613 1117 828 1184; x_wconf 80' lang='lat' dir='ltr'>suscipere</span> <span class='ocrx_word' id='word_1_118' title='bbox 846 1118 956 1178; x_wconf 89' lang='lat' dir='ltr'>juste</span> <span class='ocrx_word' id='word_1_119' title='bbox 965 1117 1098 1174; x_wconf 83' lang='lat' dir='ltr'>bella,</span> <span class='ocrx_word' id='word_1_120' title='bbox 1111 1119 1162 1166; x_wconf 87' lang='lat'>&amp;</span> <span class='ocrx_word' id='word_1_121' title='bbox 1181 1119 1456 1184; x_wconf 83' lang='lat' dir='ltr'>finire:Apucl</span> <span class='ocrx_word' id='word_1_122' title='bbox 1474 1121 1610 1169; x_wconf 81' lang='lat' dir='ltr'>alium</span> <span class='ocrx_word' id='word_1_123' title='bbox 1629 1123 1749 1185; x_wconf 84' lang='lat' dir='ltr'>legas</span> <span class='ocrx_word' id='word_1_124' title='bbox 1765 1138 1776 1170; x_wconf 90' lang='lat'>:</span> <span class='ocrx_word' id='word_1_125' title='bbox 1792 1133 1887 1171; x_wconf 79' lang='lat' dir='ltr'>Sunt</span> <span class='ocrx_word' id='word_1_126' title='bbox 1901 1126 1952 1180; x_wconf 55' lang='grc' dir='ltr'>(θ’</span> <span class='ocrx_word' id='word_1_127' title='bbox 1967 1125 2073 1174; x_wconf 83' lang='lat' dir='ltr'>belli,</span> 
     </span>
     <span class='ocr_line' id='line_1_16' title="bbox 409 1178 2074 1248; baseline 0.002 -19"><span class='ocrx_word' id='word_1_128' title='bbox 409 1186 510 1246; x_wconf 77' lang='lat' dir='ltr'>ficut</span> <span class='ocrx_word' id='word_1_129' title='bbox 527 1178 578 1233; x_wconf 57' lang='grc' dir='ltr'>εἴ</span> <span class='ocrx_word' id='word_1_130' title='bbox 610 1189 686 1229; x_wconf 80' lang='lat' dir='ltr'>acis</span> <span class='ocrx_word' id='word_1_131' title='bbox 697 1189 810 1244; x_wconf 81' lang='lat' dir='ltr'>jura.</span> <span class='ocrx_word' id='word_1_132' title='bbox 827 1180 953 1229; x_wconf 87' lang='lat' dir='ltr'>Alius</span> <span class='ocrx_word' id='word_1_133' title='bbox 970 1182 1220 1230; x_wconf 82' lang='lat' dir='ltr'>Fabricium</span> <span class='ocrx_word' id='word_1_134' title='bbox 1239 1184 1431 1229; x_wconf 87' lang='lat' dir='ltr'>miratur</span> <span class='ocrx_word' id='word_1_135' title='bbox 1448 1185 1677 1247; x_wconf 77' lang='lat' dir='ltr'>ingentem</span> <span class='ocrx_word' id='word_1_136' title='bbox 1695 1187 1860 1241; x_wconf 88' lang='lat' dir='ltr'>virum,</span> <span class='ocrx_word' id='word_1_137' title='bbox 1879 1186 1928 1232; x_wconf 86' lang='lat'>&amp;</span> <span class='ocrx_word' id='word_1_138' title='bbox 1945 1185 2074 1248; x_wconf 89' lang='lat' dir='ltr'>quod</span> 
     </span>
     <span class='ocr_line' id='line_1_17' title="bbox 415 1198 2075 1310; baseline 0.001 -17"><span class='ocrx_word' id='word_1_139' title='bbox 415 1198 736 1293; x_wconf 65' lang='lat' dir='ltr'>difficilsimum</span> <span class='ocrx_word' id='word_1_140' title='bbox 757 1243 873 1292; x_wconf 86' lang='lat' dir='ltr'>estin</span> <span class='ocrx_word' id='word_1_141' title='bbox 890 1243 1013 1292; x_wconf 86' lang='lat' dir='ltr'>bello</span> <span class='ocrx_word' id='word_1_142' title='bbox 1025 1247 1311 1292; x_wconf 80' lang='lat' dir='ltr'>innocentem</span> <span class='ocrx_word' id='word_1_143' title='bbox 1330 1283 1342 1302; x_wconf 91' lang='lat'>,</span> <span class='ocrx_word' id='word_1_144' title='bbox 1361 1248 1409 1293; x_wconf 87' lang='lat'>&amp;</span> <span class='ocrx_word' id='word_1_145' title='bbox 1425 1249 1502 1310; x_wconf 88' lang='lat' dir='ltr'>qui</span> <span class='ocrx_word' id='word_1_146' title='bbox 1522 1247 1691 1310; x_wconf 86' lang='lat' dir='ltr'>aliquid</span> <span class='ocrx_word' id='word_1_147' title='bbox 1703 1247 2006 1295; x_wconf 79' lang='lat' dir='ltr'>effectederet</span> <span class='ocrx_word' id='word_1_148' title='bbox 2024 1249 2075 1295; x_wconf 89' lang='lat'>&amp;</span> 
     </span>
     <span class='ocr_line' id='line_1_18' title="bbox 415 1307 2076 1372; baseline 0.002 -17"><span class='ocrx_word' id='word_1_149' title='bbox 415 1310 459 1356; x_wconf 88' lang='lat' dir='ltr'>in</span> <span class='ocrx_word' id='word_1_150' title='bbox 477 1307 655 1356; x_wconf 85' lang='lat' dir='ltr'>hostem</span> <span class='ocrx_word' id='word_1_151' title='bbox 675 1308 816 1354; x_wconf 82' lang='lat' dir='ltr'>nefas.</span> <span class='ocrx_word' id='word_1_152' title='bbox 853 1310 1084 1371; x_wconf 77' lang='lat' dir='ltr'>Qantam</span> <span class='ocrx_word' id='word_1_153' title='bbox 1103 1308 1194 1355; x_wconf 89' lang='lat' dir='ltr'>vim</span> <span class='ocrx_word' id='word_1_154' title='bbox 1215 1307 1375 1354; x_wconf 82' lang='lat' dir='ltr'>habeat</span> <span class='ocrx_word' id='word_1_155' title='bbox 1393 1310 1438 1355; x_wconf 90' lang='lat' dir='ltr'>in</span> <span class='ocrx_word' id='word_1_156' title='bbox 1468 1308 1596 1358; x_wconf 85' lang='lat' dir='ltr'>bellis</span> <span class='ocrx_word' id='word_1_157' title='bbox 1623 1314 1647 1342; x_wconf 90' lang='lat'><strong>*</strong></span> <span class='ocrx_word' id='word_1_158' title='bbox 1667 1311 1833 1372; x_wconf 56' lang='lat' dir='ltr'>justitia*</span> <span class='ocrx_word' id='word_1_159' title='bbox 1849 1308 2076 1358; x_wconf 80' lang='lat' dir='ltr'>conscien-</span> 
     </span>
     <span class='ocr_line' id='line_1_19' title="bbox 414 1367 2075 1438; baseline 0.001 -19"><span class='ocrx_word' id='word_1_160' title='bbox 414 1374 495 1427; x_wconf 82' lang='lat' dir='ltr'>tia,</span> <span class='ocrx_word' id='word_1_161' title='bbox 544 1371 670 1418; x_wconf 74' lang='lat' dir='ltr'>assim</span> <span class='ocrx_word' id='word_1_162' title='bbox 689 1371 924 1417; x_wconf 78' lang='lat' dir='ltr'>ostendunt</span> <span class='ocrx_word' id='word_1_163' title='bbox 939 1371 1227 1417; x_wconf 83' lang='lat' dir='ltr'>historiarum</span> <span class='ocrx_word' id='word_1_164' title='bbox 1247 1367 1498 1433; x_wconf 80' lang='lat' dir='ltr'>scriptores,</span> <span class='ocrx_word' id='word_1_165' title='bbox 1512 1375 1586 1435; x_wconf 91' lang='lat' dir='ltr'>qui</span> <span class='ocrx_word' id='word_1_166' title='bbox 1604 1374 1839 1421; x_wconf 65' lang='lat' dir='ltr'>vistoriam</span> <span class='ocrx_word' id='word_1_167' title='bbox 1853 1373 1958 1438; x_wconf 83' lang='lat' dir='ltr'>saepe</span> <span class='ocrx_word' id='word_1_168' title='bbox 1969 1373 2075 1421; x_wconf 88' lang='lat' dir='ltr'>huic</span> 
     </span>
     <span class='ocr_line' id='line_1_20' title="bbox 414 1432 2074 1499; baseline 0.001 -17"><span class='ocrx_word' id='word_1_169' title='bbox 414 1452 500 1482; x_wconf 82' lang='lat' dir='ltr'>cau</span> <span class='ocrx_word' id='word_1_170' title='bbox 520 1452 552 1481; x_wconf 68' lang='grc' dir='ltr'>τε</span> <span class='ocrx_word' id='word_1_171' title='bbox 569 1435 789 1497; x_wconf 71' lang='lat' dir='ltr'>przrcipne</span> <span class='ocrx_word' id='word_1_172' title='bbox 807 1433 1068 1481; x_wconf 71' lang='lat' dir='ltr'>asscribunt:</span> <span class='ocrx_word' id='word_1_173' title='bbox 1103 1432 1216 1479; x_wconf 84' lang='lat' dir='ltr'>Inde</span> <span class='ocrx_word' id='word_1_174' title='bbox 1227 1433 1556 1495; x_wconf 82' lang='lat' dir='ltr'>proverbiailla</span> <span class='ocrx_word' id='word_1_175' title='bbox 1576 1475 1586 1492; x_wconf 93' lang='lat'>,</span> <span class='ocrx_word' id='word_1_176' title='bbox 1604 1437 1753 1499; x_wconf 78' lang='lat' dir='ltr'>frangi</span> <span class='ocrx_word' id='word_1_177' title='bbox 1774 1438 1822 1482; x_wconf 62' lang='grc' dir='ltr'>δε</span> <span class='ocrx_word' id='word_1_178' title='bbox 1838 1436 1985 1484; x_wconf 84' lang='lat' dir='ltr'>attolli</span> <span class='ocrx_word' id='word_1_179' title='bbox 2007 1438 2074 1484; x_wconf 90' lang='lat' dir='ltr'>vi-</span> 
     </span>
     <span class='ocr_line' id='line_1_21' title="bbox 414 1493 2075 1561; baseline 0.002 -17"><span class='ocrx_word' id='word_1_180' title='bbox 414 1514 487 1544; x_wconf 89' lang='lat' dir='ltr'>res</span> <span class='ocrx_word' id='word_1_181' title='bbox 507 1498 548 1543; x_wconf 90' lang='lat' dir='ltr'>in</span> <span class='ocrx_word' id='word_1_182' title='bbox 576 1497 720 1542; x_wconf 87' lang='lat' dir='ltr'>milite</span> <span class='ocrx_word' id='word_1_183' title='bbox 736 1502 761 1544; x_wconf 67' lang='lat' dir='ltr'>a</span> <span class='ocrx_word' id='word_1_184' title='bbox 779 1496 907 1543; x_wconf 79' lang='lat' dir='ltr'>causa</span> <span class='ocrx_word' id='word_1_185' title='bbox 926 1512 937 1544; x_wconf 92' lang='lat'>:</span> <span class='ocrx_word' id='word_1_186' title='bbox 969 1511 1074 1543; x_wconf 86' lang='lat' dir='ltr'>raro</span> <span class='ocrx_word' id='word_1_187' title='bbox 1103 1511 1205 1542; x_wconf 86' lang='lat' dir='ltr'>eum</span> <span class='ocrx_word' id='word_1_188' title='bbox 1235 1493 1442 1558; x_wconf 84' lang='lat' dir='ltr'>sospitem</span> <span class='ocrx_word' id='word_1_189' title='bbox 1460 1498 1611 1545; x_wconf 85' lang='lat' dir='ltr'>redire</span> <span class='ocrx_word' id='word_1_190' title='bbox 1629 1537 1640 1555; x_wconf 83' lang='lat'>‚</span> <span class='ocrx_word' id='word_1_191' title='bbox 1673 1501 1749 1561; x_wconf 87' lang='lat' dir='ltr'>qui</span> <span class='ocrx_word' id='word_1_192' title='bbox 1777 1499 1932 1558; x_wconf 73' lang='lat' dir='ltr'>injusta</span> <span class='ocrx_word' id='word_1_193' title='bbox 1947 1516 2075 1548; x_wconf 81' lang='lat' dir='ltr'>arma</span> 
     </span>
     <span class='ocr_line' id='line_1_22' title="bbox 411 1556 2070 1624; baseline 0.001 -17"><span class='ocrx_word' id='word_1_194' title='bbox 411 1559 616 1607; x_wconf 84' lang='lat' dir='ltr'>sumserit</span> <span class='ocrx_word' id='word_1_195' title='bbox 636 1575 647 1606; x_wconf 93' lang='grc'>;</span> <span class='ocrx_word' id='word_1_196' title='bbox 666 1559 791 1605; x_wconf 83' lang='lat' dir='ltr'>bonae</span> <span class='ocrx_word' id='word_1_197' title='bbox 809 1556 943 1607; x_wconf 82' lang='lat' dir='ltr'>causae</span> <span class='ocrx_word' id='word_1_198' title='bbox 961 1558 1081 1624; x_wconf 82' lang='lat' dir='ltr'>spem</span> <span class='ocrx_word' id='word_1_199' title='bbox 1102 1556 1246 1605; x_wconf 79' lang='lat' dir='ltr'>adesse</span> <span class='ocrx_word' id='word_1_200' title='bbox 1257 1560 1476 1607; x_wconf 85' lang='lat' dir='ltr'>comitem</span> <span class='ocrx_word' id='word_1_201' title='bbox 1495 1581 1509 1618; x_wconf 83' lang='lat'>3</span> <span class='ocrx_word' id='word_1_202' title='bbox 1532 1563 1581 1607; x_wconf 86' lang='lat'>&amp;</span> <span class='ocrx_word' id='word_1_203' title='bbox 1596 1563 1686 1608; x_wconf 81' lang='lat' dir='ltr'>alia</span> <span class='ocrx_word' id='word_1_204' title='bbox 1699 1564 1742 1608; x_wconf 86' lang='lat' dir='ltr'>in</span> <span class='ocrx_word' id='word_1_205' title='bbox 1759 1578 1863 1609; x_wconf 85' lang='lat' dir='ltr'>eum</span> <span class='ocrx_word' id='word_1_206' title='bbox 1881 1561 2070 1611; x_wconf 88' lang='lat' dir='ltr'>sensum.</span> 
     </span>
     <span class='ocr_line' id='line_1_23' title="bbox 411 1621 2075 1687; baseline 0.001 -17"><span class='ocrx_word' id='word_1_207' title='bbox 411 1622 520 1670; x_wconf 89' lang='lat' dir='ltr'>Nec</span> <span class='ocrx_word' id='word_1_208' title='bbox 537 1638 727 1670; x_wconf 82' lang='lat' dir='ltr'>movere</span> <span class='ocrx_word' id='word_1_209' title='bbox 755 1638 1012 1685; x_wconf 84' lang='lat' dir='ltr'>quenquam</span> <span class='ocrx_word' id='word_1_210' title='bbox 1031 1621 1201 1667; x_wconf 88' lang='lat' dir='ltr'>debent</span> <span class='ocrx_word' id='word_1_211' title='bbox 1219 1623 1421 1684; x_wconf 84' lang='lat' dir='ltr'>prosperi</span> <span class='ocrx_word' id='word_1_212' title='bbox 1441 1623 1652 1672; x_wconf 76' lang='lat' dir='ltr'>successus</span> <span class='ocrx_word' id='word_1_213' title='bbox 1669 1625 2075 1687; x_wconf 83' lang='lat' dir='ltr'>iniquarum-moli·</span> 
     </span>
     <span class='ocr_line' id='line_1_24' title="bbox 409 1682 2073 1752; baseline 0 -18"><span class='ocrx_word' id='word_1_214' title='bbox 409 1688 608 1735; x_wconf 85' lang='lat' dir='ltr'>tionum.</span> <span class='ocrx_word' id='word_1_215' title='bbox 642 1683 758 1731; x_wconf 88' lang='lat' dir='ltr'>Satis</span> <span class='ocrx_word' id='word_1_216' title='bbox 772 1685 891 1730; x_wconf 86' lang='lat' dir='ltr'>enim</span> <span class='ocrx_word' id='word_1_217' title='bbox 906 1685 966 1732; x_wconf 88' lang='lat' dir='ltr'>est</span> <span class='ocrx_word' id='word_1_218' title='bbox 984 1684 1110 1747; x_wconf 80' lang='lat' dir='ltr'>quod</span> <span class='ocrx_word' id='word_1_219' title='bbox 1129 1682 1265 1732; x_wconf 81' lang='lat' dir='ltr'>causae</span> <span class='ocrx_word' id='word_1_220' title='bbox 1283 1686 1465 1747; x_wconf 82' lang='lat' dir='ltr'>aequitas</span> <span class='ocrx_word' id='word_1_221' title='bbox 1490 1686 1614 1734; x_wconf 85' lang='lat' dir='ltr'>suam</span> <span class='ocrx_word' id='word_1_222' title='bbox 1634 1687 1860 1752; x_wconf 81' lang='lat' dir='ltr'>quandam</span> <span class='ocrx_word' id='word_1_223' title='bbox 1879 1703 2073 1750; x_wconf 84' lang='lat' dir='ltr'>eamque</span> 
     </span>
     <span class='ocr_line' id='line_1_25' title="bbox 412 1745 2073 1813; baseline 0 -17"><span class='ocrx_word' id='word_1_224' title='bbox 412 1764 629 1813; x_wconf 79' lang='lat' dir='ltr'>magnam</span> <span class='ocrx_word' id='word_1_225' title='bbox 648 1746 782 1795; x_wconf 78' lang='lat' dir='ltr'>habet</span> <span class='ocrx_word' id='word_1_226' title='bbox 796 1749 888 1795; x_wconf 85' lang='lat' dir='ltr'>vim</span> <span class='ocrx_word' id='word_1_227' title='bbox 905 1748 964 1795; x_wconf 83' lang='lat' dir='ltr'>ad</span> <span class='ocrx_word' id='word_1_228' title='bbox 983 1745 1224 1811; x_wconf 80' lang='lat' dir='ltr'>agendum,</span> <span class='ocrx_word' id='word_1_229' title='bbox 1246 1763 1503 1811; x_wconf 81' lang='lat' dir='ltr'>quanquam</span> <span class='ocrx_word' id='word_1_230' title='bbox 1517 1765 1571 1797; x_wconf 81' lang='lat' dir='ltr'>ea</span> <span class='ocrx_word' id='word_1_231' title='bbox 1589 1753 1657 1797; x_wconf 90' lang='lat' dir='ltr'>vis</span> <span class='ocrx_word' id='word_1_232' title='bbox 1678 1787 1690 1807; x_wconf 87' lang='lat'>‚</span> <span class='ocrx_word' id='word_1_233' title='bbox 1715 1765 1764 1796; x_wconf 86' lang='lat' dir='ltr'>ut</span> <span class='ocrx_word' id='word_1_234' title='bbox 1781 1752 1825 1797; x_wconf 91' lang='lat' dir='ltr'>in</span> <span class='ocrx_word' id='word_1_235' title='bbox 1843 1750 1975 1800; x_wconf 89' lang='lat' dir='ltr'>rebus</span> <span class='ocrx_word' id='word_1_236' title='bbox 1988 1752 2073 1798; x_wconf 86' lang='lat' dir='ltr'>hu-</span> 
     </span>
     <span class='ocr_line' id='line_1_26' title="bbox 407 1809 2073 1877; baseline 0.001 -17"><span class='ocrx_word' id='word_1_237' title='bbox 407 1814 551 1860; x_wconf 85' lang='lat' dir='ltr'>manis</span> <span class='ocrx_word' id='word_1_238' title='bbox 567 1811 733 1859; x_wconf 83' lang='lat' dir='ltr'>accidit</span> <span class='ocrx_word' id='word_1_239' title='bbox 754 1851 765 1865; x_wconf 89' lang='lat'>‚</span> <span class='ocrx_word' id='word_1_240' title='bbox 797 1810 906 1872; x_wconf 77' lang='lat' dir='ltr'>saepe</span> <span class='ocrx_word' id='word_1_241' title='bbox 918 1810 1106 1858; x_wconf 85' lang='lat' dir='ltr'>aliarum</span> <span class='ocrx_word' id='word_1_242' title='bbox 1120 1809 1350 1858; x_wconf 81' lang='lat' dir='ltr'>causarum</span> <span class='ocrx_word' id='word_1_243' title='bbox 1378 1827 1441 1874; x_wconf 87' lang='lat' dir='ltr'>op</span> <span class='ocrx_word' id='word_1_244' title='bbox 1475 1811 1666 1869; x_wconf 79' lang='lat' dir='ltr'>osituab</span> <span class='ocrx_word' id='word_1_245' title='bbox 1697 1811 1859 1862; x_wconf 67' lang='lat' dir='ltr'>effestu</span> <span class='ocrx_word' id='word_1_246' title='bbox 1878 1813 2073 1877; x_wconf 88' lang='lat' dir='ltr'>impedi-</span> 
     </span>
     <span class='ocr_line' id='line_1_27' title="bbox 409 1872 2074 1945; baseline 0.001 -22"><span class='ocrx_word' id='word_1_247' title='bbox 409 1891 499 1924; x_wconf 86' lang='lat' dir='ltr'>tur.</span> <span class='ocrx_word' id='word_1_248' title='bbox 533 1875 686 1922; x_wconf 87' lang='lat' dir='ltr'>Etiam</span> <span class='ocrx_word' id='word_1_249' title='bbox 703 1873 759 1920; x_wconf 82' lang='lat' dir='ltr'>ad</span> <span class='ocrx_word' id='word_1_250' title='bbox 777 1875 998 1921; x_wconf 82' lang='lat' dir='ltr'>amicitias</span> <span class='ocrx_word' id='word_1_251' title='bbox 1015 1872 1321 1921; x_wconf 82' lang='lat' dir='ltr'>conciliandas</span> <span class='ocrx_word' id='word_1_252' title='bbox 1341 1913 1352 1931; x_wconf 92' lang='lat'>,</span> <span class='ocrx_word' id='word_1_253' title='bbox 1370 1876 1447 1938; x_wconf 91' lang='lat' dir='ltr'>qui</span> <span class='ocrx_word' id='word_1_254' title='bbox 1484 1891 1535 1922; x_wconf 90' lang='lat' dir='ltr'>us</span> <span class='ocrx_word' id='word_1_255' title='bbox 1553 1889 1602 1922; x_wconf 90' lang='lat' dir='ltr'>ut</span> <span class='ocrx_word' id='word_1_256' title='bbox 1616 1874 1770 1945; x_wconf 76' lang='lat' dir='ltr'>singuli</span> <span class='ocrx_word' id='word_1_257' title='bbox 1789 1914 1801 1932; x_wconf 89' lang='lat'>,</span> <span class='ocrx_word' id='word_1_258' title='bbox 1839 1878 1902 1924; x_wconf 86' lang='lat' dir='ltr'>ita</span> <span class='ocrx_word' id='word_1_259' title='bbox 1920 1879 1973 1923; x_wconf 71' lang='grc' dir='ltr'>δι</span> <span class='ocrx_word' id='word_1_260' title='bbox 1987 1893 2074 1942; x_wconf 91' lang='lat' dir='ltr'>po-</span> 
     </span>
     <span class='ocr_line' id='line_1_28' title="bbox 407 1935 2073 2002; baseline 0.002 -17"><span class='ocrx_word' id='word_1_261' title='bbox 407 1939 500 2000; x_wconf 88' lang='lat' dir='ltr'>puli</span> <span class='ocrx_word' id='word_1_262' title='bbox 518 1938 577 1984; x_wconf 88' lang='lat' dir='ltr'>ad</span> <span class='ocrx_word' id='word_1_263' title='bbox 596 1937 764 1985; x_wconf 83' lang='lat' dir='ltr'>multas</span> <span class='ocrx_word' id='word_1_264' title='bbox 777 1952 849 1983; x_wconf 83' lang='lat' dir='ltr'>res</span> <span class='ocrx_word' id='word_1_265' title='bbox 864 1952 979 2000; x_wconf 83' lang='lat' dir='ltr'>opus</span> <span class='ocrx_word' id='word_1_266' title='bbox 997 1935 1182 1993; x_wconf 84' lang='lat' dir='ltr'>habent,</span> <span class='ocrx_word' id='word_1_267' title='bbox 1199 1936 1396 1983; x_wconf 86' lang='lat' dir='ltr'>multum</span> <span class='ocrx_word' id='word_1_268' title='bbox 1428 1937 1551 1985; x_wconf 87' lang='lat' dir='ltr'>valet</span> <span class='ocrx_word' id='word_1_269' title='bbox 1567 1940 1726 2002; x_wconf 86' lang='lat' dir='ltr'>opimo</span> <span class='ocrx_word' id='word_1_270' title='bbox 1745 1984 1749 1987; x_wconf 73' lang='grc'>,</span> <span class='ocrx_word' id='word_1_271' title='bbox 1768 1939 1828 1984; x_wconf 88' lang='lat' dir='ltr'>de</span> <span class='ocrx_word' id='word_1_272' title='bbox 1842 1938 1964 1986; x_wconf 89' lang='lat' dir='ltr'>bello</span> <span class='ocrx_word' id='word_1_273' title='bbox 1980 1956 2073 1987; x_wconf 88' lang='lat' dir='ltr'>non</span> 
     </span>
     <span class='ocr_line' id='line_1_29' title="bbox 407 1997 2072 2064; baseline 0.001 -16"><span class='ocrx_word' id='word_1_274' title='bbox 407 2016 585 2049; x_wconf 88' lang='lat' dir='ltr'>temere</span> <span class='ocrx_word' id='word_1_275' title='bbox 598 2016 678 2047; x_wconf 90' lang='lat' dir='ltr'>nec</span> <span class='ocrx_word' id='word_1_276' title='bbox 694 1998 853 2060; x_wconf 80' lang='lat' dir='ltr'>injuste</span> <span class='ocrx_word' id='word_1_277' title='bbox 869 1997 1068 2063; x_wconf 87' lang='lat' dir='ltr'>suscepto</span> <span class='ocrx_word' id='word_1_278' title='bbox 1088 2039 1098 2056; x_wconf 78' lang='lat'>‚</span> <span class='ocrx_word' id='word_1_279' title='bbox 1112 2000 1276 2063; x_wconf 83' lang='lat' dir='ltr'>pieque</span> <span class='ocrx_word' id='word_1_280' title='bbox 1291 1999 1432 2064; x_wconf 85' lang='lat' dir='ltr'>gesto.</span> <span class='ocrx_word' id='word_1_281' title='bbox 1468 1998 1631 2047; x_wconf 86' lang='lat' dir='ltr'>Neino</span> <span class='ocrx_word' id='word_1_282' title='bbox 1647 2002 1769 2046; x_wconf 86' lang='lat' dir='ltr'>enirn</span> <span class='ocrx_word' id='word_1_283' title='bbox 1787 2002 1839 2047; x_wconf 90' lang='lat' dir='ltr'>iis</span> <span class='ocrx_word' id='word_1_284' title='bbox 1863 2002 1908 2049; x_wconf 88' lang='lat' dir='ltr'>se</span> <span class='ocrx_word' id='word_1_285' title='bbox 1939 2001 2072 2049; x_wconf 90' lang='lat' dir='ltr'>facile</span> 
     </span>
     <span class='ocr_line' id='line_1_30' title="bbox 406 2060 2071 2128; baseline 0.001 -17"><span class='ocrx_word' id='word_1_286' title='bbox 406 2063 614 2128; x_wconf 77' lang='lat' dir='ltr'>adjungit</span> <span class='ocrx_word' id='word_1_287' title='bbox 633 2062 796 2127; x_wconf 89' lang='lat' dir='ltr'>quibus</span> <span class='ocrx_word' id='word_1_288' title='bbox 811 2064 882 2124; x_wconf 91' lang='lat' dir='ltr'>jus</span> <span class='ocrx_word' id='word_1_289' title='bbox 898 2099 911 2120; x_wconf 91' lang='lat'>‚</span> <span class='ocrx_word' id='word_1_290' title='bbox 934 2060 1003 2110; x_wconf 85' lang='lat' dir='ltr'>fas</span> <span class='ocrx_word' id='word_1_291' title='bbox 1017 2100 1028 2119; x_wconf 86' lang='lat'>‚</span> <span class='ocrx_word' id='word_1_292' title='bbox 1043 2061 1182 2109; x_wconf 83' lang='lat' dir='ltr'>fidem</span> <span class='ocrx_word' id='word_1_293' title='bbox 1199 2061 1300 2109; x_wconf 85' lang='lat' dir='ltr'>vilia</span> <span class='ocrx_word' id='word_1_294' title='bbox 1319 2077 1462 2123; x_wconf 86' lang='lat' dir='ltr'>putat.</span> <span class='ocrx_word' id='word_1_295' title='bbox 1497 2063 1601 2128; x_wconf 86' lang='lat' dir='ltr'>Ego</span> <span class='ocrx_word' id='word_1_296' title='bbox 1622 2079 1727 2109; x_wconf 85' lang='lat' dir='ltr'>cum</span> <span class='ocrx_word' id='word_1_297' title='bbox 1747 2061 1812 2109; x_wconf 92' lang='lat' dir='ltr'>ob</span> <span class='ocrx_word' id='word_1_298' title='bbox 1825 2078 1898 2111; x_wconf 87' lang='lat' dir='ltr'>eas</span> <span class='ocrx_word' id='word_1_299' title='bbox 1912 2102 1925 2121; x_wconf 89' lang='lat'><strong>,</strong></span> <span class='ocrx_word' id='word_1_300' title='bbox 1959 2081 2071 2128; x_wconf 86' lang='lat' dir='ltr'>quas</span> 
     </span>
     <span class='ocr_line' id='line_1_31' title="bbox 403 2123 2066 2194; baseline 0.001 -20"><span class='ocrx_word' id='word_1_301' title='bbox 403 2129 498 2194; x_wconf 78' lang='lat' dir='ltr'>jam</span> <span class='ocrx_word' id='word_1_302' title='bbox 513 2125 625 2184; x_wconf 83' lang='lat' dir='ltr'>dixi,</span> <span class='ocrx_word' id='word_1_303' title='bbox 643 2128 858 2182; x_wconf 85' lang='lat' dir='ltr'>rationes,</span> <span class='ocrx_word' id='word_1_304' title='bbox 874 2124 1284 2189; x_wconf 80' lang='lat' dir='ltr'>compertissimum</span> <span class='ocrx_word' id='word_1_305' title='bbox 1302 2123 1531 2182; x_wconf 85' lang='lat' dir='ltr'>haberem,</span> <span class='ocrx_word' id='word_1_306' title='bbox 1550 2126 1636 2172; x_wconf 83' lang='lat' dir='ltr'>esse</span> <span class='ocrx_word' id='word_1_307' title='bbox 1648 2124 1835 2188; x_wconf 89' lang='lat' dir='ltr'>aliquod</span> <span class='ocrx_word' id='word_1_308' title='bbox 1851 2128 1966 2175; x_wconf 91' lang='lat' dir='ltr'>inter</span> <span class='ocrx_word' id='word_1_309' title='bbox 1985 2144 2066 2192; x_wconf 86' lang='lat' dir='ltr'>po-</span> 
     </span>
     <span class='ocr_line' id='line_1_32' title="bbox 404 2187 2072 2253; baseline 0 -16"><span class='ocrx_word' id='word_1_310' title='bbox 404 2190 539 2253; x_wconf 83' lang='lat' dir='ltr'>pulos</span> <span class='ocrx_word' id='word_1_311' title='bbox 570 2192 637 2250; x_wconf 92' lang='lat' dir='ltr'>jus</span> <span class='ocrx_word' id='word_1_312' title='bbox 653 2204 899 2236; x_wconf 86' lang='lat' dir='ltr'>commune</span> <span class='ocrx_word' id='word_1_313' title='bbox 916 2227 929 2245; x_wconf 87' lang='lat'>,</span> <span class='ocrx_word' id='word_1_314' title='bbox 962 2187 1092 2251; x_wconf 88' lang='lat' dir='ltr'>quod</span> <span class='ocrx_word' id='word_1_315' title='bbox 1111 2188 1160 2234; x_wconf 85' lang='lat'>&amp;</span> <span class='ocrx_word' id='word_1_316' title='bbox 1177 2187 1234 2235; x_wconf 87' lang='lat' dir='ltr'>ad</span> <span class='ocrx_word' id='word_1_317' title='bbox 1252 2187 1383 2243; x_wconf 84' lang='lat' dir='ltr'>bella,</span> <span class='ocrx_word' id='word_1_318' title='bbox 1403 2188 1453 2235; x_wconf 86' lang='lat'>&amp;</span> <span class='ocrx_word' id='word_1_319' title='bbox 1469 2190 1514 2234; x_wconf 89' lang='lat' dir='ltr'>in</span> <span class='ocrx_word' id='word_1_320' title='bbox 1532 2188 1661 2236; x_wconf 87' lang='lat' dir='ltr'>bellis</span> <span class='ocrx_word' id='word_1_321' title='bbox 1678 2188 1852 2236; x_wconf 87' lang='lat' dir='ltr'>valeret</span> <span class='ocrx_word' id='word_1_322' title='bbox 1870 2227 1882 2245; x_wconf 85' lang='lat'>,</span> <span class='ocrx_word' id='word_1_323' title='bbox 1910 2206 1991 2237; x_wconf 93' lang='lat' dir='ltr'>cur</span> <span class='ocrx_word' id='word_1_324' title='bbox 2012 2188 2072 2237; x_wconf 81' lang='lat' dir='ltr'>cle</span> 
     </span>
     <span class='ocr_line' id='line_1_33' title="bbox 401 2249 2072 2316; baseline -0.001 -16"><span class='ocrx_word' id='word_1_325' title='bbox 401 2269 462 2300; x_wconf 87' lang='lat' dir='ltr'>eo</span> <span class='ocrx_word' id='word_1_326' title='bbox 493 2251 766 2300; x_wconf 82' lang='lat' dir='ltr'>instituerem</span> <span class='ocrx_word' id='word_1_327' title='bbox 802 2249 1106 2315; x_wconf 83' lang='lat' dir='ltr'>scriptionem,</span> <span class='ocrx_word' id='word_1_328' title='bbox 1125 2249 1278 2298; x_wconf 85' lang='lat' dir='ltr'>causas</span> <span class='ocrx_word' id='word_1_329' title='bbox 1293 2249 1428 2297; x_wconf 87' lang='lat' dir='ltr'>habui</span> <span class='ocrx_word' id='word_1_330' title='bbox 1460 2251 1626 2298; x_wconf 83' lang='lat' dir='ltr'>multas</span> <span class='ocrx_word' id='word_1_331' title='bbox 1646 2266 1698 2298; x_wconf 89' lang='lat' dir='ltr'>ac</span> <span class='ocrx_word' id='word_1_332' title='bbox 1717 2266 1894 2316; x_wconf 87' lang='lat' dir='ltr'>graves.</span> <span class='ocrx_word' id='word_1_333' title='bbox 1927 2252 2072 2301; x_wconf 85' lang='lat' dir='ltr'>Vide-</span> 
     </span>
     <span class='ocr_line' id='line_1_34' title="bbox 404 2312 2065 2377; baseline 0 -15"><span class='ocrx_word' id='word_1_334' title='bbox 404 2316 512 2362; x_wconf 86' lang='lat' dir='ltr'>bam</span> <span class='ocrx_word' id='word_1_335' title='bbox 527 2331 608 2377; x_wconf 87' lang='lat' dir='ltr'>per</span> <span class='ocrx_word' id='word_1_336' title='bbox 626 2314 937 2364; x_wconf 85' lang='lat' dir='ltr'>Christianum</span> <span class='ocrx_word' id='word_1_337' title='bbox 955 2313 1117 2360; x_wconf 87' lang='lat' dir='ltr'>orbem</span> <span class='ocrx_word' id='word_1_338' title='bbox 1139 2352 1150 2369; x_wconf 91' lang='lat'>‚</span> <span class='ocrx_word' id='word_1_339' title='bbox 1171 2314 1241 2359; x_wconf 85' lang='lat' dir='ltr'>vel</span> <span class='ocrx_word' id='word_1_340' title='bbox 1256 2312 1459 2360; x_wconf 80' lang='lat' dir='ltr'>barbaris</span> <span class='ocrx_word' id='word_1_341' title='bbox 1471 2312 1679 2377; x_wconf 83' lang='lat' dir='ltr'>gentibus</span> <span class='ocrx_word' id='word_1_342' title='bbox 1692 2313 1955 2375; x_wconf 85' lang='lat' dir='ltr'>pudendam</span> <span class='ocrx_word' id='word_1_343' title='bbox 1973 2313 2065 2362; x_wconf 83' lang='lat' dir='ltr'>bel-</span> 
     </span>
     <span class='ocr_line' id='line_1_35' title="bbox 398 2374 2069 2441; baseline -0.001 -16"><span class='ocrx_word' id='word_1_344' title='bbox 398 2379 526 2438; x_wconf 86' lang='lat' dir='ltr'>landi</span> <span class='ocrx_word' id='word_1_345' title='bbox 539 2380 768 2426; x_wconf 84' lang='lat' dir='ltr'>licentiam</span> <span class='ocrx_word' id='word_1_346' title='bbox 786 2393 797 2425; x_wconf 93' lang='lat'>:</span> <span class='ocrx_word' id='word_1_347' title='bbox 814 2376 986 2424; x_wconf 87' lang='lat' dir='ltr'>levibus</span> <span class='ocrx_word' id='word_1_348' title='bbox 1010 2392 1087 2424; x_wconf 85' lang='lat' dir='ltr'>aut</span> <span class='ocrx_word' id='word_1_349' title='bbox 1105 2376 1233 2423; x_wconf 83' lang='lat' dir='ltr'>nullis</span> <span class='ocrx_word' id='word_1_350' title='bbox 1250 2375 1310 2423; x_wconf 89' lang='lat' dir='ltr'>de</span> <span class='ocrx_word' id='word_1_351' title='bbox 1325 2374 1463 2422; x_wconf 79' lang='lat' dir='ltr'>causis</span> <span class='ocrx_word' id='word_1_352' title='bbox 1479 2375 1537 2423; x_wconf 89' lang='lat' dir='ltr'>ad</span> <span class='ocrx_word' id='word_1_353' title='bbox 1554 2392 1680 2423; x_wconf 88' lang='lat' dir='ltr'>arma</span> <span class='ocrx_word' id='word_1_354' title='bbox 1699 2377 1907 2438; x_wconf 90' lang='lat' dir='ltr'>procurri</span> <span class='ocrx_word' id='word_1_355' title='bbox 1925 2415 1937 2434; x_wconf 90' lang='lat'>,</span> <span class='ocrx_word' id='word_1_356' title='bbox 1965 2380 2069 2441; x_wconf 88' lang='lat' dir='ltr'>qui-</span> 
     </span>
     <span class='ocr_line' id='line_1_36' title="bbox 400 2436 2068 2498; baseline -0.001 -10"><span class='ocrx_word' id='word_1_357' title='bbox 400 2442 485 2488; x_wconf 91' lang='lat' dir='ltr'>bus</span> <span class='ocrx_word' id='word_1_358' title='bbox 500 2441 636 2488; x_wconf 88' lang='lat' dir='ltr'>semel</span> <span class='ocrx_word' id='word_1_359' title='bbox 650 2436 805 2488; x_wconf 81' lang='lat' dir='ltr'>sumti&#39;s</span> <span class='ocrx_word' id='word_1_360' title='bbox 818 2440 983 2487; x_wconf 80' lang='lat' dir='ltr'>nullam</span> <span class='ocrx_word' id='word_1_361' title='bbox 997 2441 1092 2498; x_wconf 80' lang='lat' dir='ltr'>jam</span> <span class='ocrx_word' id='word_1_362' title='bbox 1109 2438 1254 2486; x_wconf 87' lang='lat' dir='ltr'>divini</span> <span class='ocrx_word' id='word_1_363' title='bbox 1275 2477 1287 2494; x_wconf 90' lang='lat'>,</span> <span class='ocrx_word' id='word_1_364' title='bbox 1318 2437 1483 2484; x_wconf 85' lang='lat' dir='ltr'>nullam</span> <span class='ocrx_word' id='word_1_365' title='bbox 1498 2439 1681 2485; x_wconf 79' lang='lat' dir='ltr'>humani</span> <span class='ocrx_word' id='word_1_366' title='bbox 1710 2441 1822 2497; x_wconf 85' lang='lat' dir='ltr'>juris</span> <span class='ocrx_word' id='word_1_367' title='bbox 1854 2454 2068 2487; x_wconf 84' lang='lat' dir='ltr'>reveren-</span> 
     </span>
     <span class='ocr_line' id='line_1_37' title="bbox 395 2499 2067 2567; baseline 0.001 -16"><span class='ocrx_word' id='word_1_368' title='bbox 395 2505 507 2551; x_wconf 82' lang='lat' dir='ltr'>tiam</span> <span class='ocrx_word' id='word_1_369' title='bbox 525 2543 536 2561; x_wconf 85' lang='lat'>‚</span> <span class='ocrx_word' id='word_1_370' title='bbox 553 2504 680 2566; x_wconf 81' lang='lat' dir='ltr'>plane</span> <span class='ocrx_word' id='word_1_371' title='bbox 697 2503 817 2567; x_wconf 80' lang='lat' dir='ltr'>quasi</span> <span class='ocrx_word' id='word_1_372' title='bbox 836 2518 927 2550; x_wconf 91' lang='lat' dir='ltr'>uno</span> <span class='ocrx_word' id='word_1_373' title='bbox 942 2502 1093 2562; x_wconf 55' lang='lat' dir='ltr'>edicito</span> <span class='ocrx_word' id='word_1_374' title='bbox 1114 2500 1173 2549; x_wconf 86' lang='lat' dir='ltr'>ad</span> <span class='ocrx_word' id='word_1_375' title='bbox 1188 2502 1343 2548; x_wconf 77' lang='lat' dir='ltr'>omnia</span> <span class='ocrx_word' id='word_1_376' title='bbox 1360 2500 1523 2549; x_wconf 83' lang='lat' dir='ltr'>scelera</span> <span class='ocrx_word' id='word_1_377' title='bbox 1539 2501 1695 2548; x_wconf 81' lang='lat' dir='ltr'>emiffo</span> <span class='ocrx_word' id='word_1_378' title='bbox 1712 2499 1882 2549; x_wconf 85' lang='lat' dir='ltr'>furore.</span> <span class='ocrx_word' id='word_1_379' title='bbox 1917 2501 2067 2564; x_wconf 87' lang='lat' dir='ltr'>Cujus</span> 
     </span>
     <span class='ocr_line' id='line_1_38' title="bbox 394 2564 2066 2629; baseline -0.001 -15"><span class='ocrx_word' id='word_1_380' title='bbox 394 2569 687 2614; x_wconf 81' lang='lat' dir='ltr'>immanitatis</span> <span class='ocrx_word' id='word_1_381' title='bbox 700 2565 959 2629; x_wconf 60' lang='lat' dir='ltr'>conspectu,</span> <span class='ocrx_word' id='word_1_382' title='bbox 976 2564 1105 2610; x_wconf 84' lang='lat' dir='ltr'>multi</span> <span class='ocrx_word' id='word_1_383' title='bbox 1129 2564 1337 2610; x_wconf 84' lang='lat' dir='ltr'>homines</span> <span class='ocrx_word' id='word_1_384' title='bbox 1355 2564 1541 2611; x_wconf 85' lang='lat' dir='ltr'>minime</span> <span class='ocrx_word' id='word_1_385' title='bbox 1554 2564 1660 2611; x_wconf 85' lang='lat' dir='ltr'>mali</span> <span class='ocrx_word' id='word_1_386' title='bbox 1675 2579 1733 2612; x_wconf 84' lang='lat' dir='ltr'>eo</span> <span class='ocrx_word' id='word_1_387' title='bbox 1752 2579 1970 2612; x_wconf 87' lang='lat' dir='ltr'>venerunt</span> <span class='ocrx_word' id='word_1_388' title='bbox 1983 2602 1996 2622; x_wconf 92' lang='lat'>,</span> <span class='ocrx_word' id='word_1_389' title='bbox 2012 2580 2066 2614; x_wconf 90' lang='lat' dir='ltr'>ut</span> 
     </span>
     <span class='ocr_line' id='line_1_39' title="bbox 397 2625 2063 2692; baseline -0.002 -15"><span class='ocrx_word' id='word_1_390' title='bbox 397 2628 672 2682; x_wconf 77' lang='lat' dir='ltr'>Christiano,</span> <span class='ocrx_word' id='word_1_391' title='bbox 691 2632 762 2689; x_wconf 81' lang='lat' dir='ltr'>cuj</span> <span class='ocrx_word' id='word_1_392' title='bbox 770 2647 818 2676; x_wconf 85' lang='lat' dir='ltr'>us</span> <span class='ocrx_word' id='word_1_393' title='bbox 836 2628 1069 2692; x_wconf 86' lang='lat' dir='ltr'>disciplina</span> <span class='ocrx_word' id='word_1_394' title='bbox 1092 2628 1136 2673; x_wconf 91' lang='lat' dir='ltr'>in</span> <span class='ocrx_word' id='word_1_395' title='bbox 1155 2627 1369 2674; x_wconf 88' lang='lat' dir='ltr'>omnibus</span> <span class='ocrx_word' id='word_1_396' title='bbox 1379 2625 1641 2674; x_wconf 86' lang='lat' dir='ltr'>hominibus</span> <span class='ocrx_word' id='word_1_397' title='bbox 1652 2626 1894 2690; x_wconf 78' lang='lat' dir='ltr'>diligendis</span> <span class='ocrx_word' id='word_1_398' title='bbox 1908 2630 2063 2692; x_wconf 85' lang='lat' dir='ltr'>praeci-</span> 
     </span>
     <span class='ocr_line' id='line_1_40' title="bbox 397 2688 2063 2757; baseline -0.001 -17"><span class='ocrx_word' id='word_1_399' title='bbox 397 2710 488 2757; x_wconf 88' lang='lat' dir='ltr'>pue</span> <span class='ocrx_word' id='word_1_400' title='bbox 504 2692 697 2739; x_wconf 79' lang='lat' dir='ltr'>consistit</span> <span class='ocrx_word' id='word_1_401' title='bbox 717 2730 729 2748; x_wconf 86' lang='lat'>,</span> <span class='ocrx_word' id='word_1_402' title='bbox 747 2698 770 2723; x_wconf 93' lang='lat'><strong>*</strong></span> <span class='ocrx_word' id='word_1_403' title='bbox 793 2692 947 2738; x_wconf 87' lang='lat' dir='ltr'>omnia</span> <span class='ocrx_word' id='word_1_404' title='bbox 964 2706 1089 2737; x_wconf 84' lang='lat' dir='ltr'>arma</span> <span class='ocrx_word' id='word_1_405' title='bbox 1105 2690 1429 2736; x_wconf 84' lang='lat' dir='ltr'>interdicerent</span> <span class='ocrx_word' id='word_1_406' title='bbox 1448 2705 1461 2738; x_wconf 93' lang='lat'><strong>:</strong></span> <span class='ocrx_word' id='word_1_407' title='bbox 1488 2688 1548 2735; x_wconf 90' lang='lat' dir='ltr'>ad</span> <span class='ocrx_word' id='word_1_408' title='bbox 1565 2706 1681 2752; x_wconf 90' lang='lat' dir='ltr'>quos</span> <span class='ocrx_word' id='word_1_409' title='bbox 1696 2689 2063 2739; x_wconf 87' lang='lat' dir='ltr'>accedereinter·</span> 
     </span>
     <span class='ocr_line' id='line_1_41' title="bbox 395 2751 2061 2810; baseline 0.001 -9"><span class='ocrx_word' id='word_1_410' title='bbox 395 2756 507 2802; x_wconf 84' lang='lat' dir='ltr'>dum</span> <span class='ocrx_word' id='word_1_411' title='bbox 526 2756 737 2801; x_wconf 79' lang='lat' dir='ltr'>videntur</span> <span class='ocrx_word' id='word_1_412' title='bbox 756 2790 764 2803; x_wconf 88' lang='lat'>,</span> <span class='ocrx_word' id='word_1_413' title='bbox 782 2757 831 2800; x_wconf 72' lang='grc' dir='ltr'>δε</span> <span class='ocrx_word' id='word_1_414' title='bbox 850 2755 1040 2801; x_wconf 86' lang='lat' dir='ltr'>loannes</span> <span class='ocrx_word' id='word_1_415' title='bbox 1055 2753 1191 2800; x_wconf 86' lang='lat' dir='ltr'>Ferus</span> <span class='ocrx_word' id='word_1_416' title='bbox 1212 2790 1224 2809; x_wconf 91' lang='lat'><strong>‚</strong></span> <span class='ocrx_word' id='word_1_417' title='bbox 1259 2753 1307 2797; x_wconf 74' lang='grc' dir='ltr'>δε</span> <span class='ocrx_word' id='word_1_418' title='bbox 1323 2751 1531 2799; x_wconf 86' lang='lat' dir='ltr'>Erasmus</span> <span class='ocrx_word' id='word_1_419' title='bbox 1548 2752 1717 2799; x_wconf 84' lang='lat' dir='ltr'>nostras</span> <span class='ocrx_word' id='word_1_420' title='bbox 1735 2791 1745 2810; x_wconf 90' lang='lat'>‚</span> <span class='ocrx_word' id='word_1_421' title='bbox 1775 2754 1858 2801; x_wconf 89' lang='lat' dir='ltr'>viri</span> <span class='ocrx_word' id='word_1_422' title='bbox 1903 2755 1995 2802; x_wconf 88' lang='lat' dir='ltr'>acis</span> <span class='ocrx_word' id='word_1_423' title='bbox 2009 2754 2061 2802; x_wconf 76' lang='grc' dir='ltr'>δε</span> 
     </span>
     <span class='ocr_line' id='line_1_42' title="bbox 395 2814 2055 2881; baseline -0.002 -16"><span class='ocrx_word' id='word_1_424' title='bbox 395 2817 703 2865; x_wconf 73' lang='lat' dir='ltr'>Ecclesiasticae</span> <span class='ocrx_word' id='word_1_425' title='bbox 721 2819 769 2862; x_wconf 88' lang='lat'>&amp;</span> <span class='ocrx_word' id='word_1_426' title='bbox 782 2817 924 2864; x_wconf 86' lang='lat' dir='ltr'>civilis</span> <span class='ocrx_word' id='word_1_427' title='bbox 941 2814 1248 2864; x_wconf 67' lang='lat' dir='ltr'>amantissimi,</span> <span class='ocrx_word' id='word_1_428' title='bbox 1266 2814 1342 2861; x_wconf 89' lang='lat' dir='ltr'>sed</span> <span class='ocrx_word' id='word_1_429' title='bbox 1356 2831 1430 2871; x_wconf 88' lang='lat' dir='ltr'>eo,</span> <span class='ocrx_word' id='word_1_430' title='bbox 1449 2829 1499 2862; x_wconf 88' lang='lat' dir='ltr'>ut</span> <span class='ocrx_word' id='word_1_431' title='bbox 1511 2814 1726 2870; x_wconf 84' lang='lat' dir='ltr'>arbitror,</span> <span class='ocrx_word' id='word_1_432' title='bbox 1746 2818 1862 2864; x_wconf 81' lang='lat' dir='ltr'>consi</span> <span class='ocrx_word' id='word_1_433' title='bbox 1883 2818 1945 2874; x_wconf 89' lang='lat' dir='ltr'>io,</span> <span class='ocrx_word' id='word_1_434' title='bbox 1963 2833 2055 2881; x_wconf 89' lang='lat' dir='ltr'>quo</span> 
     </span>
     <span class='ocr_line' id='line_1_43' title="bbox 395 2878 2051 2943; baseline -0.001 -14"><span class='ocrx_word' id='word_1_435' title='bbox 395 2881 609 2935; x_wconf 63' lang='lat' dir='ltr'>soletum,</span> <span class='ocrx_word' id='word_1_436' title='bbox 627 2898 719 2943; x_wconf 83' lang='lat' dir='ltr'>quae</span> <span class='ocrx_word' id='word_1_437' title='bbox 736 2881 780 2926; x_wconf 87' lang='lat' dir='ltr'>in</span> <span class='ocrx_word' id='word_1_438' title='bbox 799 2895 934 2928; x_wconf 83' lang='lat' dir='ltr'>unam</span> <span class='ocrx_word' id='word_1_439' title='bbox 954 2894 1130 2942; x_wconf 85' lang='lat' dir='ltr'>partem</span> <span class='ocrx_word' id='word_1_440' title='bbox 1143 2879 1350 2924; x_wconf 77' lang='lat' dir='ltr'>exierunt</span> <span class='ocrx_word' id='word_1_441' title='bbox 1366 2915 1377 2933; x_wconf 84' lang='lat'>‚</span> <span class='ocrx_word' id='word_1_442' title='bbox 1395 2879 1439 2924; x_wconf 89' lang='lat' dir='ltr'>in</span> <span class='ocrx_word' id='word_1_443' title='bbox 1451 2878 1638 2924; x_wconf 85' lang='lat' dir='ltr'>alteram</span> <span class='ocrx_word' id='word_1_444' title='bbox 1654 2878 1881 2927; x_wconf 67' lang='lat' dir='ltr'>reflectere</span> <span class='ocrx_word' id='word_1_445' title='bbox 1898 2918 1910 2936; x_wconf 85' lang='lat'>,</span> <span class='ocrx_word' id='word_1_446' title='bbox 1943 2880 2051 2927; x_wconf 89' lang='lat' dir='ltr'>utin</span> 
     </span>
    </p>

    <p class='ocr_par' dir='ltr' id='par_1_5' title="bbox 392 2939 2052 3076">
     <span class='ocr_line' id='line_1_44' title="bbox 393 2939 2052 3003; baseline -0.002 -11"><span class='ocrx_word' id='word_1_447' title='bbox 393 2959 555 2991; x_wconf 89' lang='lat' dir='ltr'>verum</span> <span class='ocrx_word' id='word_1_448' title='bbox 576 2943 769 2989; x_wconf 86' lang='lat' dir='ltr'>modum</span> <span class='ocrx_word' id='word_1_449' title='bbox 786 2943 986 2990; x_wconf 84' lang='lat' dir='ltr'>redeant.</span> <span class='ocrx_word' id='word_1_450' title='bbox 1013 2941 1186 2988; x_wconf 88' lang='lat' dir='ltr'>Verum</span> <span class='ocrx_word' id='word_1_451' title='bbox 1212 2940 1283 2986; x_wconf 88' lang='lat' dir='ltr'>hic</span> <span class='ocrx_word' id='word_1_452' title='bbox 1309 2939 1400 3003; x_wconf 89' lang='lat' dir='ltr'>ipse</span> <span class='ocrx_word' id='word_1_453' title='bbox 1415 2942 1602 2987; x_wconf 87' lang='lat' dir='ltr'>nimium</span> <span class='ocrx_word' id='word_1_454' title='bbox 1621 2941 1951 2989; x_wconf 81' lang='lat' dir='ltr'>contranitendi</span> <span class='ocrx_word' id='word_1_455' title='bbox 1966 2958 2052 2989; x_wconf 83' lang='lat' dir='ltr'>co·-</span> 
     </span>
     <span class='ocr_line' id='line_1_45' title="bbox 392 3001 2048 3076; baseline -0.001 -22"><span class='ocrx_word' id='word_1_456' title='bbox 392 3023 522 3054; x_wconf 82' lang='lat' dir='ltr'>natus</span> <span class='ocrx_word' id='word_1_457' title='bbox 537 3005 645 3069; x_wconf 65' lang='lat' dir='ltr'>saepe</span> <span class='ocrx_word' id='word_1_458' title='bbox 663 3006 780 3051; x_wconf 83' lang='lat' dir='ltr'>adeo</span> <span class='ocrx_word' id='word_1_459' title='bbox 799 3022 890 3051; x_wconf 85' lang='lat' dir='ltr'>non</span> <span class='ocrx_word' id='word_1_460' title='bbox 906 3005 1086 3076; x_wconf 78' lang='lat' dir='ltr'>proficit</span> <span class='ocrx_word' id='word_1_461' title='bbox 1104 3042 1114 3061; x_wconf 94' lang='lat'>‚</span> <span class='ocrx_word' id='word_1_462' title='bbox 1148 3018 1199 3050; x_wconf 89' lang='lat' dir='ltr'>ut</span> <span class='ocrx_word' id='word_1_463' title='bbox 1212 3002 1331 3049; x_wconf 83' lang='lat' dir='ltr'>obsit</span> <span class='ocrx_word' id='word_1_464' title='bbox 1341 3004 1478 3049; x_wconf 80' lang='lat' dir='ltr'>etiam</span> <span class='ocrx_word' id='word_1_465' title='bbox 1498 3041 1509 3058; x_wconf 92' lang='lat'>,</span> <span class='ocrx_word' id='word_1_466' title='bbox 1527 3004 1628 3065; x_wconf 87' lang='lat' dir='ltr'>quia</span> <span class='ocrx_word' id='word_1_467' title='bbox 1640 3001 1959 3065; x_wconf 77' lang='lat' dir='ltr'>deprehensum</span> <span class='ocrx_word' id='word_1_468' title='bbox 1977 3005 2048 3054; x_wconf 86' lang='lat' dir='ltr'>fa·-</span> 
     </span>
    </p>

    <p class='ocr_par' dir='ltr' id='par_1_6' title="bbox 392 3064 2047 3131">
     <span class='ocr_line' id='line_1_46' title="bbox 392 3064 2047 3131; baseline -0.001 -15"><span class='ocrx_word' id='word_1_469' title='bbox 392 3071 479 3117; x_wconf 88' lang='lat' dir='ltr'>cile</span> <span class='ocrx_word' id='word_1_470' title='bbox 499 3110 508 3126; x_wconf 93' lang='lat'>,</span> <span class='ocrx_word' id='word_1_471' title='bbox 529 3069 653 3131; x_wconf 79' lang='lat' dir='ltr'>quod</span> <span class='ocrx_word' id='word_1_472' title='bbox 670 3071 712 3114; x_wconf 88' lang='lat' dir='ltr'>in</span> <span class='ocrx_word' id='word_1_473' title='bbox 731 3069 797 3114; x_wconf 81' lang='lat' dir='ltr'>his</span> <span class='ocrx_word' id='word_1_474' title='bbox 811 3069 996 3114; x_wconf 80' lang='lat' dir='ltr'>nimium</span> <span class='ocrx_word' id='word_1_475' title='bbox 1012 3067 1072 3112; x_wconf 88' lang='lat' dir='ltr'>cst</span> <span class='ocrx_word' id='word_1_476' title='bbox 1093 3103 1102 3115; x_wconf 87' lang='lat'>,</span> <span class='ocrx_word' id='word_1_477' title='bbox 1126 3068 1264 3112; x_wconf 85' lang='lat' dir='ltr'>etiam</span> <span class='ocrx_word' id='word_1_478' title='bbox 1284 3065 1380 3112; x_wconf 85' lang='lat' dir='ltr'>aliis</span> <span class='ocrx_word' id='word_1_479' title='bbox 1395 3064 1523 3112; x_wconf 62' lang='lat' dir='ltr'>dietis</span> <span class='ocrx_word' id='word_1_480' title='bbox 1535 3067 1652 3112; x_wconf 86' lang='lat' dir='ltr'>intra</span> <span class='ocrx_word' id='word_1_481' title='bbox 1662 3081 1817 3113; x_wconf 87' lang='lat' dir='ltr'>verum</span> <span class='ocrx_word' id='word_1_482' title='bbox 1835 3065 2047 3116; x_wconf 85' lang='lat' dir='ltr'>stantibus</span> 
     </span>
    </p>

    <p class='ocr_par' dir='ltr' id='par_1_7' title="bbox 389 3127 2043 3192">
     <span class='ocr_line' id='line_1_47' title="bbox 389 3127 2043 3192; baseline -0.003 -11"><span class='ocrx_word' id='word_1_483' title='bbox 389 3133 712 3181; x_wconf 59' lang='lat' dir='ltr'>auctoritatem</span> <span class='ocrx_word' id='word_1_484' title='bbox 727 3131 924 3178; x_wconf 81' lang='lat' dir='ltr'>detrahit</span> <span class='ocrx_word' id='word_1_485' title='bbox 936 3165 949 3176; x_wconf 88' lang='lat'><strong>.</strong></span> <span class='ocrx_word' id='word_1_486' title='bbox 979 3129 1213 3177; x_wconf 82' lang='lat' dir='ltr'>Medicina</span> <span class='ocrx_word' id='word_1_487' title='bbox 1229 3143 1343 3192; x_wconf 86' lang='lat' dir='ltr'>ergo</span> <span class='ocrx_word' id='word_1_488' title='bbox 1354 3127 1813 3190; x_wconf 85' lang='lat' dir='ltr'>utrisqucadhibcnda</span> <span class='ocrx_word' id='word_1_489' title='bbox 1823 3128 1927 3185; x_wconf 86' lang='lat' dir='ltr'>fuit,</span> <span class='ocrx_word' id='word_1_490' title='bbox 1944 3144 2043 3176; x_wconf 88' lang='lat' dir='ltr'>tum</span> 
     </span>
    </p>

    <p class='ocr_par' dir='ltr' id='par_1_8' title="bbox 392 3189 2043 3254">
     <span class='ocr_line' id='line_1_48' title="bbox 392 3189 2043 3254; baseline -0.002 -12"><span class='ocrx_word' id='word_1_491' title='bbox 392 3212 446 3242; x_wconf 85' lang='lat' dir='ltr'>ne</span> <span class='ocrx_word' id='word_1_492' title='bbox 461 3195 597 3250; x_wconf 83' lang='lat' dir='ltr'>nihil,</span> <span class='ocrx_word' id='word_1_493' title='bbox 635 3209 732 3241; x_wconf 87' lang='lat' dir='ltr'>tum</span> <span class='ocrx_word' id='word_1_494' title='bbox 755 3210 810 3240; x_wconf 87' lang='lat' dir='ltr'>ne</span> <span class='ocrx_word' id='word_1_495' title='bbox 828 3196 981 3240; x_wconf 86' lang='lat' dir='ltr'>omnia</span> <span class='ocrx_word' id='word_1_496' title='bbox 996 3191 1287 3240; x_wconf 84' lang='lat' dir='ltr'>crederentur</span> <span class='ocrx_word' id='word_1_497' title='bbox 1315 3190 1467 3237; x_wconf 74' lang='lat' dir='ltr'>licere.</span> <span class='ocrx_word' id='word_1_498' title='bbox 1502 3189 1649 3254; x_wconf 84' lang='lat' dir='ltr'>Simul</span> <span class='ocrx_word' id='word_1_499' title='bbox 1671 3192 1720 3237; x_wconf 75' lang='grc' dir='ltr'>δι</span> <span class='ocrx_word' id='word_1_500' title='bbox 1744 3191 2043 3254; x_wconf 84' lang='lat' dir='ltr'>jurispruden-</span> 
     </span>
    </p>

    <p class='ocr_par' dir='ltr' id='par_1_9' title="bbox 392 3253 2041 3318">
     <span class='ocr_line' id='line_1_49' title="bbox 392 3253 2041 3318; baseline -0.002 -14"><span class='ocrx_word' id='word_1_501' title='bbox 392 3260 519 3312; x_wconf 83' lang='lat' dir='ltr'>tiam‚</span> <span class='ocrx_word' id='word_1_502' title='bbox 537 3274 672 3318; x_wconf 79' lang='lat' dir='ltr'>quam</span> <span class='ocrx_word' id='word_1_503' title='bbox 690 3273 793 3303; x_wconf 77' lang='lat' dir='ltr'>ante</span> <span class='ocrx_word' id='word_1_504' title='bbox 812 3257 897 3303; x_wconf 76' lang='lat' dir='ltr'>hac</span> <span class='ocrx_word' id='word_1_505' title='bbox 919 3259 962 3302; x_wconf 88' lang='lat' dir='ltr'>in</span> <span class='ocrx_word' id='word_1_506' title='bbox 978 3255 1237 3302; x_wconf 85' lang='lat' dir='ltr'>muneribus</span> <span class='ocrx_word' id='word_1_507' title='bbox 1250 3253 1625 3317; x_wconf 75' lang='lat' dir='ltr'>publicis,quanta</span> <span class='ocrx_word' id='word_1_508' title='bbox 1641 3256 1768 3315; x_wconf 86' lang='lat' dir='ltr'>potui</span> <span class='ocrx_word' id='word_1_509' title='bbox 1786 3256 2041 3318; x_wconf 84' lang='lat' dir='ltr'>integritate</span> 
     </span>
    </p>

    <p class='ocr_par' dir='ltr' id='par_1_10' title="bbox 393 3316 2043 3382">
     <span class='ocr_line' id='line_1_50' title="bbox 393 3316 2043 3382; baseline -0.001 -16"><span class='ocrx_word' id='word_1_510' title='bbox 393 3322 588 3368; x_wconf 82' lang='lat' dir='ltr'>exercui,</span> <span class='ocrx_word' id='word_1_511' title='bbox 607 3336 720 3366; x_wconf 81' lang='lat' dir='ltr'>nunc</span> <span class='ocrx_word' id='word_1_512' title='bbox 739 3319 862 3382; x_wconf 90' lang='lat' dir='ltr'>quod</span> <span class='ocrx_word' id='word_1_513' title='bbox 883 3318 993 3365; x_wconf 86' lang='lat' dir='ltr'>mihi</span> <span class='ocrx_word' id='word_1_514' title='bbox 1012 3317 1191 3380; x_wconf 83' lang='lat' dir='ltr'>indigne</span> <span class='ocrx_word' id='word_1_515' title='bbox 1209 3321 1236 3362; x_wconf 78' lang='grc' dir='ltr'><strong>ὲ</strong></span> <span class='ocrx_word' id='word_1_516' title='bbox 1276 3317 1386 3363; x_wconf 81' lang='lat' dir='ltr'>atria</span> <span class='ocrx_word' id='word_1_517' title='bbox 1403 3331 1476 3363; x_wconf 86' lang='lat' dir='ltr'>tot</span> <span class='ocrx_word' id='word_1_518' title='bbox 1504 3317 1615 3364; x_wconf 88' lang='lat' dir='ltr'>meis</span> <span class='ocrx_word' id='word_1_519' title='bbox 1629 3316 1858 3364; x_wconf 87' lang='lat' dir='ltr'>laboribus</span> <span class='ocrx_word' id='word_1_520' title='bbox 1881 3331 2043 3365; x_wconf 84' lang='lat' dir='ltr'>ornata</span> 
     </span>
    </p>
   </div>
   <div class='ocr_carea' id='block_1_5' title="bbox 389 3378 2041 3492">
    <p class='ocr_par' dir='ltr' id='par_1_11' title="bbox 389 3378 2041 3492">
     <span class='ocr_line' id='line_1_51' title="bbox 389 3378 2041 3448; baseline -0.004 -19"><span class='ocrx_word' id='word_1_521' title='bbox 389 3383 535 3444; x_wconf 65' lang='lat' dir='ltr'>ejecto</span> <span class='ocrx_word' id='word_1_522' title='bbox 552 3381 757 3444; x_wconf 78' lang='lat' dir='ltr'>restabat,</span> <span class='ocrx_word' id='word_1_523' title='bbox 775 3384 959 3447; x_wconf 81' lang='lat' dir='ltr'>privata:</span> <span class='ocrx_word' id='word_1_524' title='bbox 976 3381 1219 3448; x_wconf 78' lang='lat' dir='ltr'>diligentiae</span> <span class='ocrx_word' id='word_1_525' title='bbox 1269 3378 1379 3429; x_wconf 88' lang='lat' dir='ltr'>udio</span> <span class='ocrx_word' id='word_1_526' title='bbox 1395 3379 1611 3443; x_wconf 79' lang='lat' dir='ltr'>adjuvare</span> <span class='ocrx_word' id='word_1_527' title='bbox 1623 3378 1764 3434; x_wconf 84' lang='lat' dir='ltr'>volui.</span> <span class='ocrx_word' id='word_1_528' title='bbox 1799 3380 1923 3431; x_wconf 83' lang='lat' dir='ltr'>Artis</span> <span class='ocrx_word' id='word_1_529' title='bbox 1941 3378 2041 3424; x_wconf 87' lang='lat' dir='ltr'>for-</span> 
     </span>
     <span class='ocr_line' id='line_1_52' title="bbox 1911 3454 2039 3492; baseline -0.023 0"><span class='ocrx_word' id='word_1_530' title='bbox 1911 3454 2039 3492; x_wconf 80' lang='lat' dir='ltr'>mam</span> 
     </span>
    </p>
   </div>
  </div>
 </body>
</html>
