<?xml version="1.0" encoding="UTF-8"?>
<!DOCTYPE html PUBLIC "-//W3C//DTD XHTML 1.0 Transitional//EN"
    "http://www.w3.org/TR/xhtml1/DTD/xhtml1-transitional.dtd">
<html xmlns="http://www.w3.org/1999/xhtml" xml:lang="en" lang="en">
 <head>
  <title>
</title>
<meta http-equiv="Content-Type" content="text/html;charset=utf-8" />
  <meta name='ocr-system' content='tesseract 3.04.00' />
  <meta name='ocr-capabilities' content='ocr_page ocr_carea ocr_par ocr_line ocrx_word'/>
</head>
<body>
  <div class='ocr_page' id='page_1' title='image "./hugonisgrottiide010grotuoft_0284.png"; bbox 0 0 2380 3917; ppageno 0'>
   <div class='ocr_carea' id='block_1_1' title="bbox 29 401 214 493">
    <p class='ocr_par' dir='ltr' id='par_1_1' title="bbox 29 401 214 493">
     <span class='ocr_line' id='line_1_1' title="bbox 29 401 214 448; baseline -0.016 -10"><span class='ocrx_word' id='word_1_1' title='bbox 29 401 136 448; x_wconf 62' lang='lat' dir='ltr'>An&#39;fl.</span> <span class='ocrx_word' id='word_1_2' title='bbox 149 401 214 436; x_wconf 76' lang='lat' dir='ltr'>Pol.</span> 
     </span>
     <span class='ocr_line' id='line_1_2' title="bbox 36 457 212 493; baseline -0.017 -8"><span class='ocrx_word' id='word_1_3' title='bbox 36 458 110 493; x_wconf 79' lang='lat' dir='ltr'>1‚c.</span> <span class='ocrx_word' id='word_1_4' title='bbox 132 458 173 487; x_wconf 78' lang='lat' dir='ltr'>vi</span> <span class='ocrx_word' id='word_1_5' title='bbox 183 457 212 485; x_wconf 85' lang='lat'>1.</span> 
     </span>
    </p>
   </div>
   <div class='ocr_carea' id='block_1_2' title="bbox 29 1197 155 1242">
    <p class='ocr_par' dir='ltr' id='par_1_2' title="bbox 29 1197 155 1242">
     <span class='ocr_line' id='line_1_3' title="bbox 29 1197 155 1242; baseline -0.008 -6"><span class='ocrx_word' id='word_1_6' title='bbox 29 1197 155 1242; x_wconf 75' lang='lat' dir='ltr'>cap.6·</span> 
     </span>
    </p>
   </div>
   <div class='ocr_carea' id='block_1_3' title="bbox 36 2647 214 2684">
    <p class='ocr_par' dir='ltr' id='par_1_3' title="bbox 36 2647 214 2684">
     <span class='ocr_line' id='line_1_4' title="bbox 36 2647 214 2684; baseline 0.011 -3"><span class='ocrx_word' id='word_1_7' title='bbox 36 2647 75 2681; x_wconf 83' lang='lat' dir='ltr'>L.</span> <span class='ocrx_word' id='word_1_8' title='bbox 96 2647 214 2684; x_wconf 60' lang='grc' dir='ltr'>ιιι).</span> 
     </span>
    </p>
   </div>
   <div class='ocr_carea' id='block_1_4' title="bbox 31 2696 150 2731">
    <p class='ocr_par' dir='ltr' id='par_1_4' title="bbox 31 2696 150 2731">
     <span class='ocr_line' id='line_1_5' title="bbox 31 2696 150 2731; baseline 0.017 -2"><span class='ocrx_word' id='word_1_9' title='bbox 31 2696 150 2731; x_wconf 63' lang='lat' dir='ltr'>Lam.</span> 
     </span>
    </p>
   </div>
   <div class='ocr_carea' id='block_1_5' title="bbox 268 321 1550 374">
    <p class='ocr_par' dir='ltr' id='par_1_5' title="bbox 268 321 1550 374">
     <span class='ocr_line' id='line_1_6' title="bbox 268 321 1550 374; baseline -0.006 -8"><span class='ocrx_word' id='word_1_10' title='bbox 268 337 342 374; x_wconf 76' lang='lat'>234</span> <span class='ocrx_word' id='word_1_11' title='bbox 645 324 753 362; x_wconf 77' lang='lat' dir='ltr'>DE</span> <span class='ocrx_word' id='word_1_12' title='bbox 865 321 1550 362; x_wconf 68' lang='lat' dir='ltr'>xvnenssttt</span> 
     </span>
    </p>
   </div>
   <div class='ocr_carea' id='block_1_6' title="bbox 261 380 1948 3429">
    <p class='ocr_par' dir='ltr' id='par_1_6' title="bbox 263 380 1946 1314">
     <span class='ocr_line' id='line_1_7' title="bbox 263 380 1941 455; baseline -0.008 -16"><span class='ocrx_word' id='word_1_13' title='bbox 263 391 439 455; x_wconf 84' lang='lat' dir='ltr'>possunt</span> <span class='ocrx_word' id='word_1_14' title='bbox 461 388 693 437; x_wconf 85' lang='lat' dir='ltr'>interdum</span> <span class='ocrx_word' id='word_1_15' title='bbox 729 392 757 436; x_wconf 70' lang='lat' dir='ltr'>a</span> <span class='ocrx_word' id='word_1_16' title='bbox 784 386 956 434; x_wconf 75' lang='lat' dir='ltr'>stimma</span> <span class='ocrx_word' id='word_1_17' title='bbox 973 385 1194 450; x_wconf 84' lang='lat' dir='ltr'>potestate</span> <span class='ocrx_word' id='word_1_18' title='bbox 1209 386 1414 448; x_wconf 82' lang='lat' dir='ltr'>permitti</span> <span class='ocrx_word' id='word_1_19' title='bbox 1430 384 1543 444; x_wconf 81' lang='lat' dir='ltr'>justa</span> <span class='ocrx_word' id='word_1_20' title='bbox 1559 380 1621 429; x_wconf 87' lang='lat' dir='ltr'>de</span> <span class='ocrx_word' id='word_1_21' title='bbox 1637 382 1768 431; x_wconf 83' lang='lat' dir='ltr'>causa</span> <span class='ocrx_word' id='word_1_22' title='bbox 1783 383 1833 431; x_wconf 74' lang='grc' dir='ltr'>δε</span> <span class='ocrx_word' id='word_1_23' title='bbox 1845 401 1941 449; x_wconf 73' lang='lat' dir='ltr'>pre.</span> 
     </span>
     <span class='ocr_line' id='line_1_8' title="bbox 265 445 1942 512; baseline -0.008 -10"><span class='ocrx_word' id='word_1_24' title='bbox 265 458 333 502; x_wconf 89' lang='lat' dir='ltr'>tio</span> <span class='ocrx_word' id='word_1_25' title='bbox 351 454 617 506; x_wconf 84' lang='lat' dir='ltr'>constituto:</span> <span class='ocrx_word' id='word_1_26' title='bbox 635 452 761 512; x_wconf 83' lang='lat' dir='ltr'>cujus</span> <span class='ocrx_word' id='word_1_27' title='bbox 776 451 838 496; x_wconf 89' lang='lat' dir='ltr'>rei</span> <span class='ocrx_word' id='word_1_28' title='bbox 857 449 1119 511; x_wconf 83' lang='lat' dir='ltr'>exemplum</span> <span class='ocrx_word' id='word_1_29' title='bbox 1143 449 1276 495; x_wconf 85' lang='lat' dir='ltr'>nobis</span> <span class='ocrx_word' id='word_1_30' title='bbox 1292 446 1459 494; x_wconf 87' lang='lat' dir='ltr'>illustre</span> <span class='ocrx_word' id='word_1_31' title='bbox 1488 445 1657 508; x_wconf 85' lang='lat' dir='ltr'>praebet</span> <span class='ocrx_word' id='word_1_32' title='bbox 1676 445 1854 511; x_wconf 86' lang='lat' dir='ltr'>Iosephi</span> <span class='ocrx_word' id='word_1_33' title='bbox 1871 450 1942 498; x_wconf 80' lang='lat' dir='ltr'>hi.</span> 
     </span>
     <span class='ocr_line' id='line_1_9' title="bbox 264 506 1944 577; baseline -0.005 -13"><span class='ocrx_word' id='word_1_34' title='bbox 264 518 399 565; x_wconf 87' lang='lat' dir='ltr'>storia</span> <span class='ocrx_word' id='word_1_35' title='bbox 414 533 518 562; x_wconf 87' lang='lat' dir='ltr'>cum</span> <span class='ocrx_word' id='word_1_36' title='bbox 535 517 570 561; x_wconf 81' lang='lat' dir='ltr'>is</span> <span class='ocrx_word' id='word_1_37' title='bbox 588 517 685 561; x_wconf 81' lang='lat' dir='ltr'>vice</span> <span class='ocrx_word' id='word_1_38' title='bbox 700 514 822 577; x_wconf 77' lang='lat' dir='ltr'>regia</span> <span class='ocrx_word' id='word_1_39' title='bbox 839 513 1042 574; x_wconf 82' lang='lat' dir='ltr'>AEgypto</span> <span class='ocrx_word' id='word_1_40' title='bbox 1056 509 1263 574; x_wconf 79' lang='lat' dir='ltr'>praeeffet.</span> <span class='ocrx_word' id='word_1_41' title='bbox 1304 506 1381 555; x_wconf 87' lang='lat' dir='ltr'>Sic</span> <span class='ocrx_word' id='word_1_42' title='bbox 1413 509 1462 554; x_wconf 91' lang='lat'>&amp;</span> <span class='ocrx_word' id='word_1_43' title='bbox 1499 507 1578 554; x_wconf 86' lang='lat' dir='ltr'>sub</span> <span class='ocrx_word' id='word_1_44' title='bbox 1593 508 1816 556; x_wconf 85' lang='lat' dir='ltr'>Romanis</span> <span class='ocrx_word' id='word_1_45' title='bbox 1833 510 1944 558; x_wconf 68' lang='lat' dir='ltr'>Ale·-</span> 
     </span>
     <span class='ocr_line' id='line_1_10' title="bbox 263 569 1946 636; baseline -0.005 -10"><span class='ocrx_word' id='word_1_46' title='bbox 263 578 469 627; x_wconf 84' lang='lat' dir='ltr'>xandrini</span> <span class='ocrx_word' id='word_1_47' title='bbox 491 578 749 624; x_wconf 80' lang='lat' dir='ltr'>Indicarum</span> <span class='ocrx_word' id='word_1_48' title='bbox 768 577 815 619; x_wconf 68' lang='grc' dir='ltr'>δε</span> <span class='ocrx_word' id='word_1_49' title='bbox 833 574 1197 636; x_wconf 81' lang='lat' dir='ltr'>AEthiopiearum</span> <span class='ocrx_word' id='word_1_50' title='bbox 1215 571 1435 617; x_wconf 83' lang='lat' dir='ltr'>mercium</span> <span class='ocrx_word' id='word_1_51' title='bbox 1449 570 1730 627; x_wconf 84' lang='lat' dir='ltr'>habebant‚*</span> <span class='ocrx_word' id='word_1_52' title='bbox 1744 585 1794 617; x_wconf 89' lang='lat' dir='ltr'>ut</span> <span class='ocrx_word' id='word_1_53' title='bbox 1813 569 1946 619; x_wconf 69' lang='lat' dir='ltr'>Stra,-</span> 
     </span>
     <span class='ocr_line' id='line_1_11' title="bbox 266 631 1943 703; baseline -0.005 -14"><span class='ocrx_word' id='word_1_54' title='bbox 266 643 329 690; x_wconf 87' lang='lat' dir='ltr'>bo</span> <span class='ocrx_word' id='word_1_55' title='bbox 344 643 558 703; x_wconf 81' lang='lat' dir='ltr'>loquitur,</span> <span class='ocrx_word' id='word_1_56' title='bbox 577 636 856 695; x_wconf 59' lang='lat' dir='ltr'>poma-amia.</span> <span class='ocrx_word' id='word_1_57' title='bbox 895 634 1144 683; x_wconf 69' lang='lat' dir='ltr'>Potest&amp;a</span> <span class='ocrx_word' id='word_1_58' title='bbox 1164 634 1351 696; x_wconf 87' lang='lat' dir='ltr'>privatis</span> <span class='ocrx_word' id='word_1_59' title='bbox 1367 631 1532 679; x_wconf 88' lang='lat' dir='ltr'>institui</span> <span class='ocrx_word' id='word_1_60' title='bbox 1552 671 1564 689; x_wconf 88' lang='lat'>‚</span> <span class='ocrx_word' id='word_1_61' title='bbox 1579 648 1708 694; x_wconf 86' lang='lat' dir='ltr'>aequo</span> <span class='ocrx_word' id='word_1_62' title='bbox 1721 631 1943 681; x_wconf 81' lang='lat' dir='ltr'>duntaxat</span> 
     </span>
     <span class='ocr_line' id='line_1_12' title="bbox 266 693 1942 767; baseline -0.006 -15"><span class='ocrx_word' id='word_1_63' title='bbox 266 703 559 767; x_wconf 85' lang='lat' dir='ltr'>compendio.</span> <span class='ocrx_word' id='word_1_64' title='bbox 578 704 639 748; x_wconf 88' lang='lat' dir='ltr'>At</span> <span class='ocrx_word' id='word_1_65' title='bbox 654 703 745 762; x_wconf 86' lang='lat' dir='ltr'>qui,</span> <span class='ocrx_word' id='word_1_66' title='bbox 763 713 813 746; x_wconf 90' lang='lat' dir='ltr'>ut</span> <span class='ocrx_word' id='word_1_67' title='bbox 830 700 876 745; x_wconf 90' lang='lat' dir='ltr'>in</span> <span class='ocrx_word' id='word_1_68' title='bbox 894 696 1099 746; x_wconf 83' lang='lat' dir='ltr'>Velabro</span> <span class='ocrx_word' id='word_1_69' title='bbox 1115 696 1271 742; x_wconf 86' lang='lat' dir='ltr'>olearii</span> <span class='ocrx_word' id='word_1_70' title='bbox 1288 733 1299 751; x_wconf 90' lang='lat'>,</span> <span class='ocrx_word' id='word_1_71' title='bbox 1321 697 1345 726; x_wconf 90' lang='grc'>*</span> <span class='ocrx_word' id='word_1_72' title='bbox 1363 693 1423 740; x_wconf 87' lang='lat' dir='ltr'>de</span> <span class='ocrx_word' id='word_1_73' title='bbox 1456 695 1699 757; x_wconf 59' lang='lat' dir='ltr'>compacto</span> <span class='ocrx_word' id='word_1_74' title='bbox 1720 693 1768 740; x_wconf 86' lang='lat' dir='ltr'>id</span> <span class='ocrx_word' id='word_1_75' title='bbox 1784 710 1942 760; x_wconf 83' lang='lat' dir='ltr'>agunt,</span> 
     </span>
     <span class='ocr_line' id='line_1_13' title="bbox 266 754 1943 828; baseline -0.005 -14"><span class='ocrx_word' id='word_1_76' title='bbox 266 783 317 814; x_wconf 85' lang='lat' dir='ltr'>nt</span> <span class='ocrx_word' id='word_1_77' title='bbox 345 783 414 812; x_wconf 84' lang='lat' dir='ltr'>res</span> <span class='ocrx_word' id='word_1_78' title='bbox 432 765 557 828; x_wconf 83' lang='lat' dir='ltr'>supra</span> <span class='ocrx_word' id='word_1_79' title='bbox 575 767 770 827; x_wconf 84' lang='lat' dir='ltr'>pretium</span> <span class='ocrx_word' id='word_1_80' title='bbox 787 760 834 806; x_wconf 87' lang='lat' dir='ltr'>id</span> <span class='ocrx_word' id='word_1_81' title='bbox 865 758 994 822; x_wconf 87' lang='lat' dir='ltr'>qnod</span> <span class='ocrx_word' id='word_1_82' title='bbox 1013 756 1236 804; x_wconf 88' lang='lat' dir='ltr'>summum</span> <span class='ocrx_word' id='word_1_83' title='bbox 1251 771 1372 803; x_wconf 79' lang='lat' dir='ltr'>nunc.</span> <span class='ocrx_word' id='word_1_84' title='bbox 1387 754 1450 802; x_wconf 91' lang='lat' dir='ltr'>est</span> <span class='ocrx_word' id='word_1_85' title='bbox 1479 758 1525 803; x_wconf 88' lang='lat' dir='ltr'>in</span> <span class='ocrx_word' id='word_1_86' title='bbox 1538 759 1775 804; x_wconf 84' lang='lat' dir='ltr'>communi</span> <span class='ocrx_word' id='word_1_87' title='bbox 1791 759 1943 820; x_wconf 86' lang='lat' dir='ltr'>pretio</span> 
     </span>
     <span class='ocr_line' id='line_1_14' title="bbox 268 819 1944 883; baseline -0.01 -7"><span class='ocrx_word' id='word_1_88' title='bbox 268 828 534 883; x_wconf 71' lang='lat' dir='ltr'>vendantur,</span> <span class='ocrx_word' id='word_1_89' title='bbox 555 842 628 873; x_wconf 87' lang='lat' dir='ltr'>ant</span> <span class='ocrx_word' id='word_1_90' title='bbox 639 827 698 880; x_wconf 90' lang='lat' dir='ltr'>vi,</span> <span class='ocrx_word' id='word_1_91' title='bbox 719 837 795 870; x_wconf 87' lang='lat' dir='ltr'>aut</span> <span class='ocrx_word' id='word_1_92' title='bbox 826 821 988 869; x_wconf 80' lang='lat' dir='ltr'>fraude</span> <span class='ocrx_word' id='word_1_93' title='bbox 1005 819 1259 882; x_wconf 83' lang='lat' dir='ltr'>impediunt</span> <span class='ocrx_word' id='word_1_94' title='bbox 1275 856 1288 874; x_wconf 90' lang='lat'>,</span> <span class='ocrx_word' id='word_1_95' title='bbox 1311 833 1365 864; x_wconf 88' lang='lat' dir='ltr'>ne</span> <span class='ocrx_word' id='word_1_96' title='bbox 1379 819 1538 877; x_wconf 83' lang='lat' dir='ltr'>major</span> <span class='ocrx_word' id='word_1_97' title='bbox 1552 820 1684 881; x_wconf 89' lang='lat' dir='ltr'>copia</span> <span class='ocrx_word' id='word_1_98' title='bbox 1717 820 1944 882; x_wconf 77' lang='lat' dir='ltr'>importe-</span> 
     </span>
     <span class='ocr_line' id='line_1_15' title="bbox 268 881 1941 945; baseline -0.008 -7"><span class='ocrx_word' id='word_1_99' title='bbox 268 906 361 945; x_wconf 88' lang='lat' dir='ltr'>tur,</span> <span class='ocrx_word' id='word_1_100' title='bbox 380 906 454 937; x_wconf 84' lang='lat' dir='ltr'>ant</span> <span class='ocrx_word' id='word_1_101' title='bbox 475 889 579 935; x_wconf 84' lang='lat' dir='ltr'>idco</span> <span class='ocrx_word' id='word_1_102' title='bbox 596 903 770 934; x_wconf 81' lang='lat' dir='ltr'>merces</span> <span class='ocrx_word' id='word_1_103' title='bbox 785 896 1000 933; x_wconf 85' lang='lat' dir='ltr'>coemunt</span> <span class='ocrx_word' id='word_1_104' title='bbox 1017 897 1067 928; x_wconf 88' lang='lat' dir='ltr'>ut</span> <span class='ocrx_word' id='word_1_105' title='bbox 1084 881 1282 929; x_wconf 80' lang='lat' dir='ltr'>vendant</span> <span class='ocrx_word' id='word_1_106' title='bbox 1294 882 1444 944; x_wconf 87' lang='lat' dir='ltr'>pretio</span> <span class='ocrx_word' id='word_1_107' title='bbox 1462 881 1591 943; x_wconf 86' lang='lat' dir='ltr'>qnod</span> <span class='ocrx_word' id='word_1_108' title='bbox 1601 895 1813 945; x_wconf 86' lang='lat' dir='ltr'>tempore</span> <span class='ocrx_word' id='word_1_109' title='bbox 1830 898 1941 930; x_wconf 46' lang='lat' dir='ltr'>ven*</span> 
     </span>
     <span class='ocr_line' id='line_1_16' title="bbox 269 943 1942 1014; baseline -0.005 -14"><span class='ocrx_word' id='word_1_110' title='bbox 269 955 456 1000; x_wconf 81' lang='lat' dir='ltr'>ditionis</span> <span class='ocrx_word' id='word_1_111' title='bbox 470 954 670 1014; x_wconf 85' lang='lat' dir='ltr'>iniquum</span> <span class='ocrx_word' id='word_1_112' title='bbox 686 950 752 1004; x_wconf 86' lang='lat' dir='ltr'>sit,</span> <span class='ocrx_word' id='word_1_113' title='bbox 770 949 982 1008; x_wconf 83' lang='lat' dir='ltr'>injuriam</span> <span class='ocrx_word' id='word_1_114' title='bbox 1001 943 1171 991; x_wconf 80' lang='lat' dir='ltr'>faciunt</span> <span class='ocrx_word' id='word_1_115' title='bbox 1190 985 1200 1000; x_wconf 84' lang='lat'>,</span> <span class='ocrx_word' id='word_1_116' title='bbox 1221 958 1355 1006; x_wconf 85' lang='lat' dir='ltr'>atque</span> <span class='ocrx_word' id='word_1_117' title='bbox 1373 959 1473 989; x_wconf 87' lang='lat' dir='ltr'>eam</span> <span class='ocrx_word' id='word_1_118' title='bbox 1491 958 1701 1004; x_wconf 82' lang='lat' dir='ltr'>reparare</span> <span class='ocrx_word' id='word_1_119' title='bbox 1715 959 1942 993; x_wconf 86' lang='lat' dir='ltr'>tenentur.</span> 
     </span>
     <span class='ocr_line' id='line_1_17' title="bbox 272 1006 1944 1079; baseline -0.004 -19"><span class='ocrx_word' id='word_1_120' title='bbox 272 1017 415 1079; x_wconf 81' lang='lat' dir='ltr'>Qod</span> <span class='ocrx_word' id='word_1_121' title='bbox 433 1015 461 1061; x_wconf 82' lang='lat' dir='ltr'>si</span> <span class='ocrx_word' id='word_1_122' title='bbox 481 1016 572 1060; x_wconf 81' lang='lat' dir='ltr'>alio</span> <span class='ocrx_word' id='word_1_123' title='bbox 589 1012 735 1060; x_wconf 86' lang='lat' dir='ltr'>modo</span> <span class='ocrx_word' id='word_1_124' title='bbox 753 1010 1006 1075; x_wconf 83' lang='lat' dir='ltr'>impediunt</span> <span class='ocrx_word' id='word_1_125' title='bbox 1027 1007 1326 1053; x_wconf 64' lang='lat' dir='ltr'>investionem</span> <span class='ocrx_word' id='word_1_126' title='bbox 1342 1006 1562 1054; x_wconf 88' lang='lat' dir='ltr'>mercium</span> <span class='ocrx_word' id='word_1_127' title='bbox 1589 1043 1601 1063; x_wconf 83' lang='lat'>‚</span> <span class='ocrx_word' id='word_1_128' title='bbox 1621 1020 1696 1053; x_wconf 87' lang='lat' dir='ltr'>aut</span> <span class='ocrx_word' id='word_1_129' title='bbox 1713 1006 1820 1053; x_wconf 88' lang='lat' dir='ltr'>ideo</span> <span class='ocrx_word' id='word_1_130' title='bbox 1834 1022 1944 1054; x_wconf 87' lang='lat' dir='ltr'>coe-</span> 
     </span>
     <span class='ocr_line' id='line_1_18' title="bbox 269 1068 1944 1139; baseline -0.006 -15"><span class='ocrx_word' id='word_1_131' title='bbox 269 1094 398 1125; x_wconf 84' lang='lat' dir='ltr'>munt</span> <span class='ocrx_word' id='word_1_132' title='bbox 410 1093 461 1123; x_wconf 84' lang='lat' dir='ltr'>ut</span> <span class='ocrx_word' id='word_1_133' title='bbox 473 1077 610 1139; x_wconf 79' lang='lat' dir='ltr'>plutis</span> <span class='ocrx_word' id='word_1_134' title='bbox 628 1074 825 1122; x_wconf 80' lang='lat' dir='ltr'>vendant</span> <span class='ocrx_word' id='word_1_135' title='bbox 843 1111 854 1129; x_wconf 91' lang='lat'><strong>‚</strong></span> <span class='ocrx_word' id='word_1_136' title='bbox 879 1072 1027 1134; x_wconf 82' lang='lat' dir='ltr'>pretio</span> <span class='ocrx_word' id='word_1_137' title='bbox 1048 1084 1200 1115; x_wconf 84' lang='lat' dir='ltr'>tamen</span> <span class='ocrx_word' id='word_1_138' title='bbox 1215 1084 1302 1131; x_wconf 87' lang='lat' dir='ltr'>pro</span> <span class='ocrx_word' id='word_1_139' title='bbox 1318 1068 1538 1129; x_wconf 85' lang='lat' dir='ltr'>temporis</span> <span class='ocrx_word' id='word_1_140' title='bbox 1554 1069 1733 1115; x_wconf 86' lang='lat' dir='ltr'>ratione</span> <span class='ocrx_word' id='word_1_141' title='bbox 1747 1085 1838 1116; x_wconf 88' lang='lat' dir='ltr'>non</span> <span class='ocrx_word' id='word_1_142' title='bbox 1853 1071 1944 1116; x_wconf 66' lang='lat' dir='ltr'>ini-</span> 
     </span>
     <span class='ocr_line' id='line_1_19' title="bbox 267 1129 1937 1202; baseline -0.005 -15"><span class='ocrx_word' id='word_1_143' title='bbox 267 1156 361 1202; x_wconf 89' lang='lat' dir='ltr'>quo</span> <span class='ocrx_word' id='word_1_144' title='bbox 383 1178 391 1190; x_wconf 93' lang='lat'><em>,</em></span> <span class='ocrx_word' id='word_1_145' title='bbox 414 1138 580 1187; x_wconf 77' lang='lat' dir='ltr'>faciunt</span> <span class='ocrx_word' id='word_1_146' title='bbox 598 1136 782 1200; x_wconf 86' lang='lat' dir='ltr'>quidem</span> <span class='ocrx_word' id='word_1_147' title='bbox 800 1132 1011 1182; x_wconf 81' lang='lat' dir='ltr'>adversus</span> <span class='ocrx_word' id='word_1_148' title='bbox 1028 1133 1227 1178; x_wconf 81' lang='lat' dir='ltr'>caritatis</span> <span class='ocrx_word' id='word_1_149' title='bbox 1244 1146 1454 1176; x_wconf 86' lang='lat' dir='ltr'>normam</span> <span class='ocrx_word' id='word_1_150' title='bbox 1470 1165 1480 1181; x_wconf 84' lang='grc'><strong>,</strong></span> <span class='ocrx_word' id='word_1_151' title='bbox 1497 1129 1626 1191; x_wconf 87' lang='lat' dir='ltr'>quod</span> <span class='ocrx_word' id='word_1_152' title='bbox 1640 1131 1791 1177; x_wconf 86' lang='lat' dir='ltr'>multis</span> <span class='ocrx_word' id='word_1_153' title='bbox 1809 1133 1937 1179; x_wconf 87' lang='lat' dir='ltr'>evin-</span> 
     </span>
     <span class='ocr_line' id='line_1_20' title="bbox 267 1191 1944 1256; baseline -0.004 -8"><span class='ocrx_word' id='word_1_154' title='bbox 267 1206 330 1249; x_wconf 87' lang='lat' dir='ltr'>cit</span> <span class='ocrx_word' id='word_1_155' title='bbox 351 1201 613 1250; x_wconf 82' lang='lat' dir='ltr'>Ambrosius</span> <span class='ocrx_word' id='word_1_156' title='bbox 629 1198 749 1246; x_wconf 81' lang='lat' dir='ltr'>libro</span> <span class='ocrx_word' id='word_1_157' title='bbox 767 1197 1050 1245; x_wconf 84' lang='lat' dir='ltr'>Officiorum</span> <span class='ocrx_word' id='word_1_158' title='bbox 1066 1196 1221 1251; x_wconf 81' lang='lat' dir='ltr'>tertio,</span> <span class='ocrx_word' id='word_1_159' title='bbox 1240 1191 1317 1240; x_wconf 90' lang='lat' dir='ltr'>sed</span> <span class='ocrx_word' id='word_1_160' title='bbox 1333 1193 1518 1256; x_wconf 84' lang='lat' dir='ltr'>proprie</span> <span class='ocrx_word' id='word_1_161' title='bbox 1544 1193 1616 1254; x_wconf 81' lang='lat' dir='ltr'>jus</span> <span class='ocrx_word' id='word_1_162' title='bbox 1649 1191 1830 1241; x_wconf 77' lang='lat' dir='ltr'>alterius</span> <span class='ocrx_word' id='word_1_163' title='bbox 1849 1209 1944 1243; x_wconf 88' lang='lat' dir='ltr'>non</span> 
     </span>
     <span class='ocr_line' id='line_1_21' title="bbox 269 1265 457 1314; baseline -0.021 0"><span class='ocrx_word' id='word_1_164' title='bbox 269 1265 457 1314; x_wconf 80' lang='lat' dir='ltr'>violant.</span> 
     </span>
    </p>

    <p class='ocr_par' dir='ltr' id='par_1_7' title="bbox 266 1314 1946 1635">
     <span class='ocr_line' id='line_1_22' title="bbox 331 1314 1945 1388; baseline -0.006 -14"><span class='ocrx_word' id='word_1_165' title='bbox 331 1327 382 1374; x_wconf 90' lang='lat' dir='ltr'>X</span> <span class='ocrx_word' id='word_1_166' title='bbox 398 1327 439 1374; x_wconf 92' lang='lat' dir='ltr'>V</span> <span class='ocrx_word' id='word_1_167' title='bbox 458 1325 479 1372; x_wconf 93' lang='lat'>1</span> <span class='ocrx_word' id='word_1_168' title='bbox 498 1325 535 1371; x_wconf 92' lang='lat'>1.</span> <span class='ocrx_word' id='word_1_169' title='bbox 571 1324 647 1372; x_wconf 91' lang='lat' dir='ltr'>De</span> <span class='ocrx_word' id='word_1_170' title='bbox 664 1322 850 1388; x_wconf 85' lang='lat' dir='ltr'>pecunia</span> <span class='ocrx_word' id='word_1_171' title='bbox 871 1321 1117 1377; x_wconf 74' lang='lat' dir='ltr'>sciendum,</span> <span class='ocrx_word' id='word_1_172' title='bbox 1141 1336 1241 1369; x_wconf 80' lang='lat' dir='ltr'>eam</span> <span class='ocrx_word' id='word_1_173' title='bbox 1259 1317 1518 1366; x_wconf 79' lang='lat' dir='ltr'>naturaliter</span> <span class='ocrx_word' id='word_1_174' title='bbox 1534 1314 1811 1364; x_wconf 66' lang='lat' dir='ltr'>funstionem</span> <span class='ocrx_word' id='word_1_175' title='bbox 1825 1317 1945 1365; x_wconf 87' lang='lat' dir='ltr'>reci-</span> 
     </span>
     <span class='ocr_line' id='line_1_23' title="bbox 266 1380 1943 1452; baseline -0.004 -17"><span class='ocrx_word' id='word_1_176' title='bbox 266 1405 373 1452; x_wconf 86' lang='lat' dir='ltr'>pere</span> <span class='ocrx_word' id='word_1_177' title='bbox 393 1428 403 1445; x_wconf 85' lang='lat'>‚</span> <span class='ocrx_word' id='word_1_178' title='bbox 424 1392 449 1419; x_wconf 88' lang='grc'>*</span> <span class='ocrx_word' id='word_1_179' title='bbox 470 1403 560 1434; x_wconf 89' lang='lat' dir='ltr'>non</span> <span class='ocrx_word' id='word_1_180' title='bbox 578 1389 623 1433; x_wconf 87' lang='lat' dir='ltr'>in</span> <span class='ocrx_word' id='word_1_181' title='bbox 641 1388 830 1434; x_wconf 79' lang='lat' dir='ltr'>materia</span> <span class='ocrx_word' id='word_1_182' title='bbox 843 1384 936 1432; x_wconf 85' lang='lat' dir='ltr'>sola</span> <span class='ocrx_word' id='word_1_183' title='bbox 955 1423 965 1440; x_wconf 89' lang='lat'>‚</span> <span class='ocrx_word' id='word_1_184' title='bbox 985 1387 1129 1431; x_wconf 88' lang='lat' dir='ltr'>necin</span> <span class='ocrx_word' id='word_1_185' title='bbox 1150 1383 1324 1446; x_wconf 82' lang='lat' dir='ltr'>speciali</span> <span class='ocrx_word' id='word_1_186' title='bbox 1352 1381 1656 1444; x_wconf 82' lang='lat' dir='ltr'>appellatione</span> <span class='ocrx_word' id='word_1_187' title='bbox 1679 1394 1755 1426; x_wconf 84' lang='lat' dir='ltr'>aut</span> <span class='ocrx_word' id='word_1_188' title='bbox 1772 1380 1943 1438; x_wconf 84' lang='lat' dir='ltr'>forma,</span> 
     </span>
     <span class='ocr_line' id='line_1_24' title="bbox 269 1442 1944 1515; baseline -0.004 -17"><span class='ocrx_word' id='word_1_189' title='bbox 269 1451 411 1499; x_wconf 81' lang='lat' dir='ltr'>sedin</span> <span class='ocrx_word' id='word_1_190' title='bbox 426 1465 591 1515; x_wconf 83' lang='lat' dir='ltr'>genere</span> <span class='ocrx_word' id='word_1_191' title='bbox 608 1450 752 1512; x_wconf 76' lang='lat' dir='ltr'>magis</span> <span class='ocrx_word' id='word_1_192' title='bbox 766 1449 1001 1495; x_wconf 87' lang='lat' dir='ltr'>communi</span> <span class='ocrx_word' id='word_1_193' title='bbox 1022 1486 1033 1503; x_wconf 88' lang='lat'>‚</span> <span class='ocrx_word' id='word_1_194' title='bbox 1047 1464 1136 1509; x_wconf 83' lang='lat' dir='ltr'>qua</span> <span class='ocrx_word' id='word_1_195' title='bbox 1171 1445 1337 1493; x_wconf 83' lang='lat' dir='ltr'>scilicet</span> <span class='ocrx_word' id='word_1_196' title='bbox 1357 1457 1652 1506; x_wconf 84' lang='lat' dir='ltr'>comparatur</span> <span class='ocrx_word' id='word_1_197' title='bbox 1687 1442 1745 1489; x_wconf 90' lang='lat' dir='ltr'>ad</span> <span class='ocrx_word' id='word_1_198' title='bbox 1776 1459 1845 1490; x_wconf 83' lang='lat' dir='ltr'>res</span> <span class='ocrx_word' id='word_1_199' title='bbox 1864 1457 1944 1491; x_wconf 88' lang='lat' dir='ltr'>aut</span> 
     </span>
     <span class='ocr_line' id='line_1_25' title="bbox 270 1503 1946 1571; baseline -0.005 -10"><span class='ocrx_word' id='word_1_200' title='bbox 270 1528 447 1562; x_wconf 87' lang='lat' dir='ltr'>omnes,</span> <span class='ocrx_word' id='word_1_201' title='bbox 464 1526 541 1558; x_wconf 86' lang='lat' dir='ltr'>aut</span> <span class='ocrx_word' id='word_1_202' title='bbox 558 1512 757 1559; x_wconf 80' lang='lat' dir='ltr'>maxime</span> <span class='ocrx_word' id='word_1_203' title='bbox 779 1509 1033 1556; x_wconf 75' lang='lat' dir='ltr'>necessarias</span> <span class='ocrx_word' id='word_1_204' title='bbox 1052 1526 1063 1556; x_wconf 78' lang='lat' dir='ltr'><em>z</em></span> <span class='ocrx_word' id='word_1_205' title='bbox 1083 1525 1175 1571; x_wconf 77' lang='lat' dir='ltr'>qua:</span> <span class='ocrx_word' id='word_1_206' title='bbox 1191 1508 1421 1556; x_wconf 77' lang='lat' dir='ltr'>aestimatio</span> <span class='ocrx_word' id='word_1_207' title='bbox 1441 1545 1452 1562; x_wconf 90' lang='lat'>‚</span> <span class='ocrx_word' id='word_1_208' title='bbox 1466 1506 1497 1552; x_wconf 83' lang='lat' dir='ltr'>si</span> <span class='ocrx_word' id='word_1_209' title='bbox 1529 1503 1652 1553; x_wconf 80' lang='lat' dir='ltr'>aliud</span> <span class='ocrx_word' id='word_1_210' title='bbox 1669 1518 1761 1550; x_wconf 89' lang='lat' dir='ltr'>non</span> <span class='ocrx_word' id='word_1_211' title='bbox 1775 1521 1946 1554; x_wconf 89' lang='lat' dir='ltr'>conve-</span> 
     </span>
     <span class='ocr_line' id='line_1_26' title="bbox 274 1566 1943 1635; baseline -0.005 -12"><span class='ocrx_word' id='word_1_212' title='bbox 274 1580 408 1632; x_wconf 84' lang='lat' dir='ltr'>nerit,</span> <span class='ocrx_word' id='word_1_213' title='bbox 427 1573 634 1621; x_wconf 85' lang='lat' dir='ltr'>facienda</span> <span class='ocrx_word' id='word_1_214' title='bbox 642 1575 727 1620; x_wconf 85' lang='lat' dir='ltr'>erit</span> <span class='ocrx_word' id='word_1_215' title='bbox 742 1589 953 1635; x_wconf 87' lang='lat' dir='ltr'>tempore</span> <span class='ocrx_word' id='word_1_216' title='bbox 971 1588 1021 1619; x_wconf 87' lang='lat' dir='ltr'>ac</span> <span class='ocrx_word' id='word_1_217' title='bbox 1039 1572 1146 1618; x_wconf 83' lang='lat' dir='ltr'>loco</span> <span class='ocrx_word' id='word_1_218' title='bbox 1165 1570 1416 1618; x_wconf 79' lang='lat' dir='ltr'>solutionis.</span> <span class='ocrx_word' id='word_1_219' title='bbox 1433 1567 1638 1617; x_wconf 86' lang='lat' dir='ltr'>Michael</span> <span class='ocrx_word' id='word_1_220' title='bbox 1658 1566 1869 1629; x_wconf 69' lang='lat' dir='ltr'>Ephesius</span> <span class='ocrx_word' id='word_1_221' title='bbox 1881 1567 1943 1618; x_wconf 82' lang='lat' dir='ltr'>ad</span> 
     </span>
    </p>

    <p class='ocr_par' dir='ltr' id='par_1_8' title="bbox 267 1629 1948 2623">
     <span class='ocr_line' id='line_1_27' title="bbox 306 1629 1945 1692; baseline -0.005 -7"><span class='ocrx_word' id='word_1_222' title='bbox 306 1641 481 1686; x_wconf 86' lang='lat' dir='ltr'>uintum</span> <span class='ocrx_word' id='word_1_223' title='bbox 520 1635 936 1682; x_wconf 87' lang='lat' dir='ltr'>Nicomachiorum</span> <span class='ocrx_word' id='word_1_224' title='bbox 959 1652 970 1682; x_wconf 79' lang='lat' dir='ltr'>t</span> <span class='ocrx_word' id='word_1_225' title='bbox 1005 1635 1052 1680; x_wconf 62' lang='grc' dir='ltr'>εἷς</span> <span class='ocrx_word' id='word_1_226' title='bbox 1069 1635 1128 1675; x_wconf 75' lang='grc' dir='ltr'>ἐπὶ</span> <span class='ocrx_word' id='word_1_227' title='bbox 1143 1635 1203 1679; x_wconf 68' lang='grc' dir='ltr'>π’ἴς</span> <span class='ocrx_word' id='word_1_228' title='bbox 1242 1632 1373 1692; x_wconf 63' lang='grc' dir='ltr'>χςέικς</span> <span class='ocrx_word' id='word_1_229' title='bbox 1403 1632 1492 1676; x_wconf 65' lang='grc' dir='ltr'>τέφ</span> <span class='ocrx_word' id='word_1_230' title='bbox 1522 1629 1584 1672; x_wconf 69' lang='grc' dir='ltr'>ἕπτ’</span> <span class='ocrx_word' id='word_1_231' title='bbox 1611 1630 1666 1671; x_wconf 68' lang='grc' dir='ltr'>τέ’</span> <span class='ocrx_word' id='word_1_232' title='bbox 1685 1629 1945 1684; x_wconf 57' lang='lat' dir='ltr'>sepeio-pem&amp;-</span> 
     </span>
     <span class='ocr_line' id='line_1_28' title="bbox 271 1655 1948 1754; baseline -0.006 -12"><span class='ocrx_word' id='word_1_233' title='bbox 271 1655 341 1743; x_wconf 49' lang='lat' dir='ltr'>{Jha</span> <span class='ocrx_word' id='word_1_234' title='bbox 356 1701 400 1741; x_wconf 62' lang='grc' dir='ltr'>ἄν</span> <span class='ocrx_word' id='word_1_235' title='bbox 414 1718 463 1745; x_wconf 82' lang='grc' dir='ltr'>τις</span> <span class='ocrx_word' id='word_1_236' title='bbox 478 1699 662 1752; x_wconf 59' lang='grc' dir='ltr'>νισόμενον»</span> <span class='ocrx_word' id='word_1_237' title='bbox 680 1699 723 1744; x_wconf 72' lang='grc' dir='ltr'>ῶς</span> <span class='ocrx_word' id='word_1_238' title='bbox 736 1691 781 1754; x_wconf 58' lang='grc'>»13</span> <span class='ocrx_word' id='word_1_239' title='bbox 800 1701 861 1738; x_wconf 66' lang='grc' dir='ltr'>ἐπ’</span> <span class='ocrx_word' id='word_1_240' title='bbox 878 1699 1009 1742; x_wconf 69' lang='grc' dir='ltr'>ἑκέςιής</span> <span class='ocrx_word' id='word_1_241' title='bbox 1024 1695 1096 1739; x_wconf 65' lang='grc' dir='ltr'>σέκ</span> <span class='ocrx_word' id='word_1_242' title='bbox 1111 1695 1171 1736; x_wconf 73' lang='grc' dir='ltr'>σὶὲι</span> <span class='ocrx_word' id='word_1_243' title='bbox 1188 1696 1319 1750; x_wconf 69' lang='grc' dir='ltr'><strong><em>ὁμοίως</em></strong></span> <span class='ocrx_word' id='word_1_244' title='bbox 1332 1689 1504 1748; x_wconf 54' lang='grc' dir='ltr'>δεόμεθα</span> <span class='ocrx_word' id='word_1_245' title='bbox 1519 1695 1554 1750; x_wconf 63' lang='lat'>’9</span> <span class='ocrx_word' id='word_1_246' title='bbox 1568 1689 1610 1732; x_wconf 66' lang='grc' dir='ltr'>οἷν</span> <span class='ocrx_word' id='word_1_247' title='bbox 1623 1689 1737 1749; x_wconf 65' lang='grc' dir='ltr'>χςεῖίᾳ</span> <span class='ocrx_word' id='word_1_248' title='bbox 1749 1693 1819 1733; x_wconf 71' lang='grc' dir='ltr'>τόν</span> <span class='ocrx_word' id='word_1_249' title='bbox 1834 1691 1948 1733; x_wconf 58' lang='grc' dir='ltr'>ἄλλο·</span> 
     </span>
     <span class='ocr_line' id='line_1_29' title="bbox 271 1751 1945 1818; baseline -0.008 -13"><span class='ocrx_word' id='word_1_250' title='bbox 271 1764 375 1816; x_wconf 58' lang='grc' dir='ltr'>πίων</span> <span class='ocrx_word' id='word_1_251' title='bbox 391 1763 496 1817; x_wconf 57' lang='lat' dir='ltr'>&#39;septb</span> <span class='ocrx_word' id='word_1_252' title='bbox 511 1795 521 1812; x_wconf 89' lang='lat'>,</span> <span class='ocrx_word' id='word_1_253' title='bbox 539 1759 638 1807; x_wconf 65' lang='grc' dir='ltr'>ἕπις</span> <span class='ocrx_word' id='word_1_254' title='bbox 661 1757 731 1802; x_wconf 63' lang='grc' dir='ltr'>κ’ἔὲ</span> <span class='ocrx_word' id='word_1_255' title='bbox 746 1761 785 1803; x_wconf 67' lang='grc' dir='ltr'>τό</span> <span class='ocrx_word' id='word_1_256' title='bbox 803 1760 970 1814; x_wconf 60' lang='grc' dir='ltr'>νόμισμα</span> <span class='ocrx_word' id='word_1_257' title='bbox 987 1758 1048 1800; x_wconf 68' lang='grc' dir='ltr'>αἰὲς</span> <span class='ocrx_word' id='word_1_258' title='bbox 1057 1757 1138 1814; x_wconf 60' lang='grc' dir='ltr'>’ὄζον</span> <span class='ocrx_word' id='word_1_259' title='bbox 1155 1753 1295 1818; x_wconf 46' lang='grc' dir='ltr'>δόναξ),</span> <span class='ocrx_word' id='word_1_260' title='bbox 1315 1755 1413 1798; x_wconf 57' lang='lat' dir='ltr'>dm&amp;</span> <span class='ocrx_word' id='word_1_261' title='bbox 1425 1751 1657 1809; x_wconf 65' lang='grc' dir='ltr'>με’ὦιπίπἾει,</span> <span class='ocrx_word' id='word_1_262' title='bbox 1673 1753 1738 1806; x_wconf 61' lang='grc' dir='ltr'>1(ᾳᾷ</span> <span class='ocrx_word' id='word_1_263' title='bbox 1752 1755 1795 1795; x_wconf 69' lang='grc' dir='ltr'>τὶ</span> <span class='ocrx_word' id='word_1_264' title='bbox 1808 1753 1945 1803; x_wconf 65' lang='lat' dir='ltr'>meln-</span> 
     </span>
     <span class='ocr_line' id='line_1_30' title="bbox 271 1815 1945 1882; baseline -0.005 -16"><span class='ocrx_word' id='word_1_265' title='bbox 271 1845 326 1882; x_wconf 81' lang='grc' dir='ltr'>ρον</span> <span class='ocrx_word' id='word_1_266' title='bbox 344 1825 471 1871; x_wconf 58' lang='grc' dir='ltr'>*καλὲ-ἰον</span> <span class='ocrx_word' id='word_1_267' title='bbox 483 1819 674 1878; x_wconf 51' lang='lat' dir='ltr'>&gt;mamm</span> <span class='ocrx_word' id='word_1_268' title='bbox 689 1823 809 1881; x_wconf 64' lang='grc' dir='ltr'><strong><em>ὕςεξον</em></strong></span> <span class='ocrx_word' id='word_1_269' title='bbox 824 1818 999 1866; x_wconf 57' lang='lat' dir='ltr'>§ibat-Hor</span> <span class='ocrx_word' id='word_1_270' title='bbox 1015 1818 1134 1866; x_wconf 62' lang='lat' dir='ltr'>{in’bYr</span> <span class='ocrx_word' id='word_1_271' title='bbox 1151 1820 1266 1875; x_wconf 58' lang='lat' dir='ltr'>ixv‘ez.</span> <span class='ocrx_word' id='word_1_272' title='bbox 1282 1818 1382 1874; x_wconf 65' lang='grc' dir='ltr'>ἵμως</span> <span class='ocrx_word' id='word_1_273' title='bbox 1399 1817 1540 1873; x_wconf 48' lang='lat' dir='ltr'>{atzmu</span> <span class='ocrx_word' id='word_1_274' title='bbox 1569 1832 1610 1871; x_wconf 67' lang='lat'>24</span> <span class='ocrx_word' id='word_1_275' title='bbox 1637 1815 1726 1861; x_wconf 65' lang='grc' dir='ltr'>τέν</span> <span class='ocrx_word' id='word_1_276' title='bbox 1745 1815 1896 1872; x_wconf 60' lang='grc' dir='ltr'>ὣαμέι(</span> <span class='ocrx_word' id='word_1_277' title='bbox 1907 1818 1945 1876; x_wconf 58' lang='grc' dir='ltr'>’ᾗ</span> 
     </span>
     <span class='ocr_line' id='line_1_31' title="bbox 274 1883 1944 1945; baseline -0.004 -15"><span class='ocrx_word' id='word_1_278' title='bbox 274 1887 333 1931; x_wconf 70' lang='grc' dir='ltr'>δεῖ</span> <span class='ocrx_word' id='word_1_279' title='bbox 346 1889 393 1934; x_wconf 71' lang='grc' dir='ltr'>ὦς</span> <span class='ocrx_word' id='word_1_280' title='bbox 405 1887 528 1944; x_wconf 60' lang='grc' dir='ltr'><em>μέτρῳ</em></span> <span class='ocrx_word' id='word_1_281' title='bbox 543 1887 656 1942; x_wconf 65' lang='grc' dir='ltr'>οἰυτῷ</span> <span class='ocrx_word' id='word_1_282' title='bbox 664 1888 735 1927; x_wconf 66' lang='grc' dir='ltr'>τῆν</span> <span class='ocrx_word' id='word_1_283' title='bbox 752 1883 1032 1939; x_wconf 51' lang='lat' dir='ltr'>&amp;maoz-opetum</span> <span class='ocrx_word' id='word_1_284' title='bbox 1041 1883 1214 1942; x_wconf 65' lang='grc' dir='ltr'>χςῖιθοᾳ.</span> <span class='ocrx_word' id='word_1_285' title='bbox 1239 1887 1355 1945; x_wconf 70' lang='lat' dir='ltr'>Qod</span> <span class='ocrx_word' id='word_1_286' title='bbox 1371 1884 1634 1941; x_wconf 79' lang='lat' dir='ltr'>deindigentia</span> <span class='ocrx_word' id='word_1_287' title='bbox 1652 1883 1793 1931; x_wconf 72' lang='lat' dir='ltr'>accidit</span> <span class='ocrx_word' id='word_1_288' title='bbox 1807 1917 1819 1935; x_wconf 86' lang='lat'>‚</span> <span class='ocrx_word' id='word_1_289' title='bbox 1838 1883 1944 1925; x_wconf 84' lang='lat' dir='ltr'>idem</span> 
     </span>
     <span class='ocr_line' id='line_1_32' title="bbox 273 1944 1945 2008; baseline -0.007 -10"><span class='ocrx_word' id='word_1_290' title='bbox 273 1959 316 1998; x_wconf 79' lang='lat' dir='ltr'>in</span> <span class='ocrx_word' id='word_1_291' title='bbox 335 1969 487 1996; x_wconf 82' lang='lat' dir='ltr'>nummo</span> <span class='ocrx_word' id='word_1_292' title='bbox 499 1954 632 1996; x_wconf 77' lang='lat' dir='ltr'>videre</span> <span class='ocrx_word' id='word_1_293' title='bbox 652 1954 711 2007; x_wconf 85' lang='lat' dir='ltr'>est.</span> <span class='ocrx_word' id='word_1_294' title='bbox 729 1950 938 2008; x_wconf 76' lang='lat' dir='ltr'>Namficut</span> <span class='ocrx_word' id='word_1_295' title='bbox 960 1966 1004 1991; x_wconf 73' lang='lat' dir='ltr'>ea</span> <span class='ocrx_word' id='word_1_296' title='bbox 1044 1965 1118 1992; x_wconf 79' lang='lat' dir='ltr'>non</span> <span class='ocrx_word' id='word_1_297' title='bbox 1154 1947 1442 2004; x_wconf 61' lang='lat' dir='ltr'>eademskmper</span> <span class='ocrx_word' id='word_1_298' title='bbox 1460 1979 1474 1998; x_wconf 89' lang='lat'>,</span> <span class='ocrx_word' id='word_1_299' title='bbox 1486 1960 1551 1988; x_wconf 84' lang='lat' dir='ltr'>nec</span> <span class='ocrx_word' id='word_1_300' title='bbox 1566 1947 1666 1987; x_wconf 85' lang='lat' dir='ltr'>enim</span> <span class='ocrx_word' id='word_1_301' title='bbox 1698 1945 1824 1988; x_wconf 66' lang='lat' dir='ltr'>alienis</span> <span class='ocrx_word' id='word_1_302' title='bbox 1833 1944 1945 1994; x_wconf 65' lang='lat' dir='ltr'>rebus</span> 
     </span>
     <span class='ocr_line' id='line_1_33' title="bbox 272 2000 1947 2075; baseline -0.005 -18"><span class='ocrx_word' id='word_1_303' title='bbox 272 2032 368 2075; x_wconf 66' lang='lat' dir='ltr'>aque</span> <span class='ocrx_word' id='word_1_304' title='bbox 371 2016 518 2072; x_wconf 83' lang='lat' dir='ltr'>semper</span> <span class='ocrx_word' id='word_1_305' title='bbox 533 2028 619 2073; x_wconf 79' lang='lat' dir='ltr'>opus</span> <span class='ocrx_word' id='word_1_306' title='bbox 634 2014 683 2065; x_wconf 65' lang='lat' dir='ltr'>est</span> <span class='ocrx_word' id='word_1_307' title='bbox 698 2014 810 2061; x_wconf 72' lang='lat' dir='ltr'>nebu,</span> <span class='ocrx_word' id='word_1_308' title='bbox 823 2011 875 2071; x_wconf 80' lang='lat' dir='ltr'>fic</span> <span class='ocrx_word' id='word_1_309' title='bbox 890 2027 955 2055; x_wconf 83' lang='lat' dir='ltr'>nec</span> <span class='ocrx_word' id='word_1_310' title='bbox 969 2026 1152 2054; x_wconf 78' lang='lat' dir='ltr'>nummus</span> <span class='ocrx_word' id='word_1_311' title='bbox 1183 2012 1288 2054; x_wconf 82' lang='lat' dir='ltr'>idem</span> <span class='ocrx_word' id='word_1_312' title='bbox 1290 2011 1436 2066; x_wconf 80' lang='lat' dir='ltr'>semper</span> <span class='ocrx_word' id='word_1_313' title='bbox 1456 2006 1564 2051; x_wconf 79' lang='lat' dir='ltr'>valet</span> <span class='ocrx_word' id='word_1_314' title='bbox 1578 2038 1590 2053; x_wconf 88' lang='lat'><em>,</em></span> <span class='ocrx_word' id='word_1_315' title='bbox 1607 2005 1674 2063; x_wconf 83' lang='lat' dir='ltr'>sed</span> <span class='ocrx_word' id='word_1_316' title='bbox 1687 2020 1874 2058; x_wconf 64' lang='lat' dir='ltr'>mutatur,</span> <span class='ocrx_word' id='word_1_317' title='bbox 1894 2000 1947 2054; x_wconf 59' lang='grc' dir='ltr'><em>ὅ</em></span> 
     </span>
     <span class='ocr_line' id='line_1_34' title="bbox 272 2067 1943 2135; baseline -0.006 -15"><span class='ocrx_word' id='word_1_318' title='bbox 272 2094 359 2122; x_wconf 84' lang='lat' dir='ltr'>cum</span> <span class='ocrx_word' id='word_1_319' title='bbox 368 2080 478 2135; x_wconf 77' lang='lat' dir='ltr'>prim</span> <span class='ocrx_word' id='word_1_320' title='bbox 484 2077 570 2135; x_wconf 82' lang='lat' dir='ltr'>plus</span> <span class='ocrx_word' id='word_1_321' title='bbox 583 2078 765 2128; x_wconf 77' lang='lat' dir='ltr'>valuerit,</span> <span class='ocrx_word' id='word_1_322' title='bbox 773 2075 892 2134; x_wconf 72' lang='lat' dir='ltr'>postea</span> <span class='ocrx_word' id='word_1_323' title='bbox 906 2087 980 2117; x_wconf 84' lang='lat' dir='ltr'>aut</span> <span class='ocrx_word' id='word_1_324' title='bbox 1000 2076 1141 2120; x_wconf 64' lang='lat' dir='ltr'>mima,</span> <span class='ocrx_word' id='word_1_325' title='bbox 1161 2087 1232 2119; x_wconf 83' lang='lat' dir='ltr'>aut</span> <span class='ocrx_word' id='word_1_326' title='bbox 1240 2072 1342 2117; x_wconf 63' lang='lat' dir='ltr'>nihil</span> <span class='ocrx_word' id='word_1_327' title='bbox 1355 2070 1462 2116; x_wconf 78' lang='lat' dir='ltr'>valet</span> <span class='ocrx_word' id='word_1_328' title='bbox 1480 2089 1492 2112; x_wconf 87' lang='grc'>.-</span> <span class='ocrx_word' id='word_1_329' title='bbox 1530 2068 1560 2098; x_wconf 81' lang='lat'><strong>*</strong></span> <span class='ocrx_word' id='word_1_330' title='bbox 1574 2067 1796 2116; x_wconf 71' lang='lat' dir='ltr'>diuturnius</span> <span class='ocrx_word' id='word_1_331' title='bbox 1810 2082 1943 2113; x_wconf 81' lang='lat' dir='ltr'>autem</span> 
     </span>
     <span class='ocr_line' id='line_1_35' title="bbox 272 2131 1942 2196; baseline -0.006 -14"><span class='ocrx_word' id='word_1_332' title='bbox 272 2140 320 2194; x_wconf 84' lang='lat' dir='ltr'>est</span> <span class='ocrx_word' id='word_1_333' title='bbox 334 2142 483 2182; x_wconf 82' lang='lat' dir='ltr'>nummi</span> <span class='ocrx_word' id='word_1_334' title='bbox 492 2143 659 2196; x_wconf 75' lang='lat' dir='ltr'>pretium</span> <span class='ocrx_word' id='word_1_335' title='bbox 682 2154 696 2191; x_wconf 89' lang='lat'>;</span> <span class='ocrx_word' id='word_1_336' title='bbox 714 2153 827 2196; x_wconf 81' lang='lat' dir='ltr'>eoque</span> <span class='ocrx_word' id='word_1_337' title='bbox 836 2150 881 2180; x_wconf 86' lang='lat' dir='ltr'>ut</span> <span class='ocrx_word' id='word_1_338' title='bbox 897 2136 1073 2191; x_wconf 83' lang='lat' dir='ltr'>mensura</span> <span class='ocrx_word' id='word_1_339' title='bbox 1103 2137 1267 2184; x_wconf 75' lang='lat' dir='ltr'>aliarum</span> <span class='ocrx_word' id='word_1_340' title='bbox 1311 2149 1362 2177; x_wconf 63' lang='grc' dir='ltr'>ιιι</span> <span class='ocrx_word' id='word_1_341' title='bbox 1379 2143 1650 2190; x_wconf 73' lang='lat' dir='ltr'>comparantur</span> <span class='ocrx_word' id='word_1_342' title='bbox 1661 2147 1791 2178; x_wconf 79' lang='lat' dir='ltr'>rerum</span> <span class='ocrx_word' id='word_1_343' title='bbox 1806 2135 1867 2174; x_wconf 87' lang='lat' dir='ltr'>uti</span> <span class='ocrx_word' id='word_1_344' title='bbox 1873 2131 1942 2189; x_wconf 86' lang='lat' dir='ltr'><em>so·-</em></span> 
     </span>
     <span class='ocr_line' id='line_1_36' title="bbox 270 2189 1943 2257; baseline -0.005 -12"><span class='ocrx_word' id='word_1_345' title='bbox 270 2204 407 2245; x_wconf 75' lang='lat' dir='ltr'>lemus.</span> <span class='ocrx_word' id='word_1_346' title='bbox 445 2194 589 2257; x_wconf 87' lang='lat' dir='ltr'>Cujus</span> <span class='ocrx_word' id='word_1_347' title='bbox 607 2196 697 2242; x_wconf 80' lang='lat' dir='ltr'>loci</span> <span class='ocrx_word' id='word_1_348' title='bbox 715 2198 787 2245; x_wconf 86' lang='lat' dir='ltr'>hic</span> <span class='ocrx_word' id='word_1_349' title='bbox 804 2194 945 2243; x_wconf 79' lang='lat' dir='ltr'>sensus</span> <span class='ocrx_word' id='word_1_350' title='bbox 965 2194 1055 2243; x_wconf 86' lang='lat' dir='ltr'>est:</span> <span class='ocrx_word' id='word_1_351' title='bbox 1082 2195 1264 2256; x_wconf 83' lang='lat' dir='ltr'>quicqui</span> <span class='ocrx_word' id='word_1_352' title='bbox 1317 2189 1560 2238; x_wconf 85' lang='lat' dir='ltr'>adhibetur</span> <span class='ocrx_word' id='word_1_353' title='bbox 1586 2189 1630 2235; x_wconf 88' lang='lat' dir='ltr'>in</span> <span class='ocrx_word' id='word_1_354' title='bbox 1645 2189 1737 2237; x_wconf 86' lang='lat' dir='ltr'>hoc</span> <span class='ocrx_word' id='word_1_355' title='bbox 1753 2204 1802 2238; x_wconf 91' lang='lat' dir='ltr'>ut</span> <span class='ocrx_word' id='word_1_356' title='bbox 1819 2207 1943 2236; x_wconf 86' lang='lat' dir='ltr'>men-</span> 
     </span>
     <span class='ocr_line' id='line_1_37' title="bbox 269 2251 1941 2316; baseline -0.004 -9"><span class='ocrx_word' id='word_1_357' title='bbox 269 2260 365 2308; x_wconf 85' lang='lat' dir='ltr'>sura</span> <span class='ocrx_word' id='word_1_358' title='bbox 383 2259 432 2307; x_wconf 80' lang='lat' dir='ltr'>fit</span> <span class='ocrx_word' id='word_1_359' title='bbox 450 2275 598 2306; x_wconf 90' lang='lat' dir='ltr'>rerum</span> <span class='ocrx_word' id='word_1_360' title='bbox 616 2258 818 2314; x_wconf 78' lang='lat' dir='ltr'>aliarum,</span> <span class='ocrx_word' id='word_1_361' title='bbox 831 2256 968 2303; x_wconf 85' lang='lat' dir='ltr'>debet</span> <span class='ocrx_word' id='word_1_362' title='bbox 982 2256 1067 2305; x_wconf 83' lang='lat' dir='ltr'>esse</span> <span class='ocrx_word' id='word_1_363' title='bbox 1079 2259 1168 2307; x_wconf 84' lang='lat' dir='ltr'>tale</span> <span class='ocrx_word' id='word_1_364' title='bbox 1185 2271 1233 2303; x_wconf 89' lang='lat' dir='ltr'>ut</span> <span class='ocrx_word' id='word_1_365' title='bbox 1252 2271 1332 2316; x_wconf 89' lang='lat' dir='ltr'>per</span> <span class='ocrx_word' id='word_1_366' title='bbox 1348 2251 1392 2300; x_wconf 88' lang='lat' dir='ltr'>se</span> <span class='ocrx_word' id='word_1_367' title='bbox 1406 2252 1592 2299; x_wconf 88' lang='lat' dir='ltr'>minime</span> <span class='ocrx_word' id='word_1_368' title='bbox 1606 2251 1814 2300; x_wconf 62' lang='lat' dir='ltr'>fleetatur.</span> <span class='ocrx_word' id='word_1_369' title='bbox 1835 2253 1941 2300; x_wconf 83' lang='lat' dir='ltr'>talia</span> 
     </span>
     <span class='ocr_line' id='line_1_38' title="bbox 267 2315 1940 2386; baseline -0.004 -16"><span class='ocrx_word' id='word_1_370' title='bbox 267 2339 418 2371; x_wconf 80' lang='lat' dir='ltr'>autem</span> <span class='ocrx_word' id='word_1_371' title='bbox 433 2322 530 2368; x_wconf 84' lang='lat' dir='ltr'>sunt</span> <span class='ocrx_word' id='word_1_372' title='bbox 547 2323 589 2367; x_wconf 90' lang='lat' dir='ltr'>in</span> <span class='ocrx_word' id='word_1_373' title='bbox 604 2336 768 2386; x_wconf 83' lang='lat' dir='ltr'>genere</span> <span class='ocrx_word' id='word_1_374' title='bbox 786 2319 1110 2368; x_wconf 84' lang='lat' dir='ltr'>aestimabilium</span> <span class='ocrx_word' id='word_1_375' title='bbox 1134 2357 1144 2375; x_wconf 93' lang='lat'>,</span> <span class='ocrx_word' id='word_1_376' title='bbox 1164 2333 1346 2367; x_wconf 86' lang='lat' dir='ltr'>aurum,</span> <span class='ocrx_word' id='word_1_377' title='bbox 1365 2328 1602 2380; x_wconf 87' lang='lat' dir='ltr'>argentum</span> <span class='ocrx_word' id='word_1_378' title='bbox 1620 2352 1631 2372; x_wconf 90' lang='lat'>‚</span> <span class='ocrx_word' id='word_1_379' title='bbox 1649 2331 1721 2364; x_wconf 64' lang='grc' dir='ltr'>πε.</span> <span class='ocrx_word' id='word_1_380' title='bbox 1735 2331 1814 2378; x_wconf 86' lang='lat' dir='ltr'>per</span> <span class='ocrx_word' id='word_1_381' title='bbox 1830 2315 1873 2363; x_wconf 89' lang='lat' dir='ltr'>se</span> <span class='ocrx_word' id='word_1_382' title='bbox 1890 2332 1940 2363; x_wconf 89' lang='lat' dir='ltr'>e-</span> 
     </span>
     <span class='ocr_line' id='line_1_39' title="bbox 269 2375 1938 2443; baseline -0.004 -11"><span class='ocrx_word' id='word_1_383' title='bbox 269 2387 359 2433; x_wconf 83' lang='lat' dir='ltr'>nirn</span> <span class='ocrx_word' id='word_1_384' title='bbox 376 2384 521 2431; x_wconf 79' lang='lat' dir='ltr'>ferme</span> <span class='ocrx_word' id='word_1_385' title='bbox 536 2383 806 2430; x_wconf 84' lang='lat' dir='ltr'>tantundem</span> <span class='ocrx_word' id='word_1_386' title='bbox 821 2382 986 2443; x_wconf 84' lang='lat' dir='ltr'>ubique</span> <span class='ocrx_word' id='word_1_387' title='bbox 1000 2420 1010 2437; x_wconf 96' lang='lat'><em>‚</em></span> <span class='ocrx_word' id='word_1_388' title='bbox 1029 2383 1077 2427; x_wconf 73' lang='grc' dir='ltr'>δε</span> <span class='ocrx_word' id='word_1_389' title='bbox 1096 2380 1269 2442; x_wconf 78' lang='lat' dir='ltr'>semper</span> <span class='ocrx_word' id='word_1_390' title='bbox 1286 2379 1437 2427; x_wconf 82' lang='lat' dir='ltr'>valent</span> <span class='ocrx_word' id='word_1_391' title='bbox 1458 2392 1469 2423; x_wconf 75' lang='grc' dir='ltr'>ε</span> <span class='ocrx_word' id='word_1_392' title='bbox 1490 2375 1571 2423; x_wconf 91' lang='lat' dir='ltr'>sed</span> <span class='ocrx_word' id='word_1_393' title='bbox 1587 2392 1724 2439; x_wconf 86' lang='lat' dir='ltr'>prout</span> <span class='ocrx_word' id='word_1_394' title='bbox 1742 2393 1813 2426; x_wconf 86' lang='lat' dir='ltr'>res</span> <span class='ocrx_word' id='word_1_395' title='bbox 1828 2379 1938 2438; x_wconf 81' lang='lat' dir='ltr'>alioe,</span> 
     </span>
     <span class='ocr_line' id='line_1_40' title="bbox 267 2440 1940 2512; baseline -0.004 -17"><span class='ocrx_word' id='word_1_396' title='bbox 267 2449 426 2512; x_wconf 77' lang='lat' dir='ltr'>quibus</span> <span class='ocrx_word' id='word_1_397' title='bbox 442 2447 645 2511; x_wconf 78' lang='lat' dir='ltr'>indigent</span> <span class='ocrx_word' id='word_1_398' title='bbox 662 2447 869 2493; x_wconf 87' lang='lat' dir='ltr'>homines</span> <span class='ocrx_word' id='word_1_399' title='bbox 888 2484 901 2502; x_wconf 86' lang='lat'>,</span> <span class='ocrx_word' id='word_1_400' title='bbox 928 2442 1120 2506; x_wconf 76' lang='lat' dir='ltr'>copiosae</span> <span class='ocrx_word' id='word_1_401' title='bbox 1138 2442 1235 2490; x_wconf 86' lang='lat' dir='ltr'>sunt</span> <span class='ocrx_word' id='word_1_402' title='bbox 1250 2456 1325 2488; x_wconf 86' lang='lat' dir='ltr'>aut</span> <span class='ocrx_word' id='word_1_403' title='bbox 1347 2456 1456 2491; x_wconf 82' lang='lat' dir='ltr'>rarae</span> <span class='ocrx_word' id='word_1_404' title='bbox 1474 2477 1487 2495; x_wconf 90' lang='lat'>,</span> <span class='ocrx_word' id='word_1_405' title='bbox 1502 2441 1566 2487; x_wconf 85' lang='lat' dir='ltr'>ita</span> <span class='ocrx_word' id='word_1_406' title='bbox 1580 2440 1741 2490; x_wconf 86' lang='lat' dir='ltr'>eadem</span> <span class='ocrx_word' id='word_1_407' title='bbox 1751 2443 1940 2504; x_wconf 86' lang='lat' dir='ltr'>pecunia</span> 
     </span>
     <span class='ocr_line' id='line_1_41' title="bbox 268 2502 1939 2621; baseline -0.002 -64"><span class='ocrx_word' id='word_1_408' title='bbox 268 2527 342 2621; x_wconf 44' lang='lat' dir='ltr'>ez</span> <span class='ocrx_word' id='word_1_409' title='bbox 354 2511 516 2557; x_wconf 86' lang='lat' dir='ltr'>eadem</span> <span class='ocrx_word' id='word_1_410' title='bbox 548 2509 669 2557; x_wconf 71' lang='lat' dir='ltr'>facta</span> <span class='ocrx_word' id='word_1_411' title='bbox 691 2510 886 2556; x_wconf 82' lang='lat' dir='ltr'>materia</span> <span class='ocrx_word' id='word_1_412' title='bbox 902 2546 915 2566; x_wconf 93' lang='lat'>‚</span> <span class='ocrx_word' id='word_1_413' title='bbox 951 2505 1122 2554; x_wconf 85' lang='lat' dir='ltr'>eodem</span> <span class='ocrx_word' id='word_1_414' title='bbox 1138 2504 1342 2570; x_wconf 84' lang='lat' dir='ltr'>pondere</span> <span class='ocrx_word' id='word_1_415' title='bbox 1361 2541 1373 2562; x_wconf 90' lang='lat'>,</span> <span class='ocrx_word' id='word_1_416' title='bbox 1388 2518 1507 2551; x_wconf 89' lang='lat' dir='ltr'>nunc</span> <span class='ocrx_word' id='word_1_417' title='bbox 1522 2502 1638 2567; x_wconf 76' lang='lat' dir='ltr'>pluS,</span> <span class='ocrx_word' id='word_1_418' title='bbox 1661 2519 1775 2552; x_wconf 87' lang='lat' dir='ltr'>nunc</span> <span class='ocrx_word' id='word_1_419' title='bbox 1791 2505 1939 2554; x_wconf 84' lang='lat' dir='ltr'>minus</span> 
     </span>
     <span class='ocr_line' id='line_1_42' title="bbox 268 2588 404 2623; baseline -0.029 0"><span class='ocrx_word' id='word_1_420' title='bbox 268 2590 298 2623; x_wconf 88' lang='lat' dir='ltr'>v</span> <span class='ocrx_word' id='word_1_421' title='bbox 344 2588 404 2620; x_wconf 90' lang='lat' dir='ltr'>et.</span> 
     </span>
    </p>

    <p class='ocr_par' dir='ltr' id='par_1_9' title="bbox 261 2627 1940 3315">
     <span class='ocr_line' id='line_1_43' title="bbox 335 2627 1940 2694; baseline -0.004 -10"><span class='ocrx_word' id='word_1_422' title='bbox 335 2636 386 2684; x_wconf 90' lang='lat' dir='ltr'><strong>X</strong></span> <span class='ocrx_word' id='word_1_423' title='bbox 401 2634 444 2682; x_wconf 91' lang='lat' dir='ltr'>V</span> <span class='ocrx_word' id='word_1_424' title='bbox 462 2634 484 2682; x_wconf 92' lang='grc' dir='ltr'><strong>Ι</strong></span> <span class='ocrx_word' id='word_1_425' title='bbox 504 2633 575 2682; x_wconf 87' lang='lat'>11.</span> <span class='ocrx_word' id='word_1_426' title='bbox 610 2633 804 2682; x_wconf 87' lang='lat' dir='ltr'>Locatio</span> <span class='ocrx_word' id='word_1_427' title='bbox 819 2635 869 2681; x_wconf 75' lang='grc' dir='ltr'>δε</span> <span class='ocrx_word' id='word_1_428' title='bbox 885 2629 1150 2687; x_wconf 58' lang='lat' dir='ltr'>conductio,</span> <span class='ocrx_word' id='word_1_429' title='bbox 1164 2643 1214 2677; x_wconf 89' lang='lat' dir='ltr'>ut</span> <span class='ocrx_word' id='word_1_430' title='bbox 1228 2630 1347 2678; x_wconf 57' lang='lat' dir='ltr'>redte</span> <span class='ocrx_word' id='word_1_431' title='bbox 1364 2633 1391 2679; x_wconf 69' lang='lat' dir='ltr'>a</span> <span class='ocrx_word' id='word_1_432' title='bbox 1408 2627 1533 2691; x_wconf 89' lang='lat' dir='ltr'>Cajo</span> <span class='ocrx_word' id='word_1_433' title='bbox 1548 2629 1715 2679; x_wconf 67' lang='lat' dir='ltr'>distum</span> <span class='ocrx_word' id='word_1_434' title='bbox 1732 2630 1808 2689; x_wconf 86' lang='lat' dir='ltr'>est,</span> <span class='ocrx_word' id='word_1_435' title='bbox 1827 2646 1940 2694; x_wconf 87' lang='lat' dir='ltr'>pro-</span> 
     </span>
     <span class='ocr_line' id='line_1_44' title="bbox 270 2691 1938 2758; baseline -0.003 -13"><span class='ocrx_word' id='word_1_436' title='bbox 270 2703 390 2746; x_wconf 79' lang='lat' dir='ltr'>xima</span> <span class='ocrx_word' id='word_1_437' title='bbox 411 2697 471 2746; x_wconf 84' lang='lat' dir='ltr'>est</span> <span class='ocrx_word' id='word_1_438' title='bbox 487 2697 739 2745; x_wconf 86' lang='lat' dir='ltr'>venditioni</span> <span class='ocrx_word' id='word_1_439' title='bbox 760 2698 807 2742; x_wconf 87' lang='lat'><strong>&amp;</strong></span> <span class='ocrx_word' id='word_1_440' title='bbox 825 2696 1032 2750; x_wconf 89' lang='lat' dir='ltr'>emtioni‚</span> <span class='ocrx_word' id='word_1_441' title='bbox 1051 2691 1313 2756; x_wconf 88' lang='lat' dir='ltr'>eisdemque</span> <span class='ocrx_word' id='word_1_442' title='bbox 1327 2693 1491 2758; x_wconf 86' lang='lat' dir='ltr'>regulis</span> <span class='ocrx_word' id='word_1_443' title='bbox 1507 2693 1716 2742; x_wconf 84' lang='lat' dir='ltr'>confistit.</span> <span class='ocrx_word' id='word_1_444' title='bbox 1731 2694 1832 2746; x_wconf 89' lang='lat' dir='ltr'>Res</span> <span class='ocrx_word' id='word_1_445' title='bbox 1887 2711 1938 2740; x_wconf 92' lang='lat' dir='ltr'>n-</span> 
     </span>
     <span class='ocr_line' id='line_1_45' title="bbox 269 2756 1939 2821; baseline -0.003 -12"><span class='ocrx_word' id='word_1_446' title='bbox 269 2763 377 2809; x_wconf 78' lang='lat' dir='ltr'>dent</span> <span class='ocrx_word' id='word_1_447' title='bbox 394 2763 510 2808; x_wconf 80' lang='lat' dir='ltr'>enirn</span> <span class='ocrx_word' id='word_1_448' title='bbox 527 2761 721 2821; x_wconf 86' lang='lat' dir='ltr'>pretium</span> <span class='ocrx_word' id='word_1_449' title='bbox 740 2757 938 2820; x_wconf 80' lang='lat' dir='ltr'>pensioni</span> <span class='ocrx_word' id='word_1_450' title='bbox 966 2757 1056 2803; x_wconf 87' lang='lat' dir='ltr'>five</span> <span class='ocrx_word' id='word_1_451' title='bbox 1071 2757 1269 2803; x_wconf 86' lang='lat' dir='ltr'>mercedi</span> <span class='ocrx_word' id='word_1_452' title='bbox 1287 2791 1298 2806; x_wconf 91' lang='lat'><em>‚</em></span> <span class='ocrx_word' id='word_1_453' title='bbox 1313 2757 1360 2802; x_wconf 88' lang='lat'>&amp;</span> <span class='ocrx_word' id='word_1_454' title='bbox 1378 2757 1444 2802; x_wconf 86' lang='lat' dir='ltr'>rei</span> <span class='ocrx_word' id='word_1_455' title='bbox 1461 2757 1712 2804; x_wconf 89' lang='lat' dir='ltr'>dominium</span> <span class='ocrx_word' id='word_1_456' title='bbox 1730 2756 1834 2805; x_wconf 85' lang='lat' dir='ltr'>facu</span> <span class='ocrx_word' id='word_1_457' title='bbox 1852 2756 1939 2805; x_wconf 86' lang='lat' dir='ltr'>tati</span> 
     </span>
     <span class='ocr_line' id='line_1_46' title="bbox 264 2819 1939 2886; baseline -0.001 -19"><span class='ocrx_word' id='word_1_458' title='bbox 264 2826 436 2868; x_wconf 80' lang='lat' dir='ltr'>utendi.</span> <span class='ocrx_word' id='word_1_459' title='bbox 475 2825 629 2886; x_wconf 77' lang='lat' dir='ltr'>Qre</span> <span class='ocrx_word' id='word_1_460' title='bbox 646 2822 754 2869; x_wconf 83' lang='lat' dir='ltr'>sicut</span> <span class='ocrx_word' id='word_1_461' title='bbox 771 2836 843 2867; x_wconf 87' lang='lat' dir='ltr'>res</span> <span class='ocrx_word' id='word_1_462' title='bbox 860 2820 1055 2866; x_wconf 89' lang='lat' dir='ltr'>domino</span> <span class='ocrx_word' id='word_1_463' title='bbox 1078 2821 1208 2881; x_wconf 83' lang='lat' dir='ltr'>perir,</span> <span class='ocrx_word' id='word_1_464' title='bbox 1229 2820 1295 2866; x_wconf 90' lang='lat' dir='ltr'>ita</span> <span class='ocrx_word' id='word_1_465' title='bbox 1313 2819 1573 2865; x_wconf 80' lang='lat' dir='ltr'>naturaliter</span> <span class='ocrx_word' id='word_1_466' title='bbox 1588 2819 1803 2876; x_wconf 87' lang='lat' dir='ltr'>sterilitas,</span> <span class='ocrx_word' id='word_1_467' title='bbox 1822 2821 1871 2867; x_wconf 85' lang='lat'>&amp;</span> <span class='ocrx_word' id='word_1_468' title='bbox 1888 2835 1939 2865; x_wconf 87' lang='lat' dir='ltr'>a·-</span> 
     </span>
     <span class='ocr_line' id='line_1_47' title="bbox 263 2880 1938 2946; baseline -0.001 -17"><span class='ocrx_word' id='word_1_469' title='bbox 263 2884 311 2930; x_wconf 83' lang='lat' dir='ltr'>lii</span> <span class='ocrx_word' id='word_1_470' title='bbox 329 2885 451 2931; x_wconf 84' lang='lat' dir='ltr'>casus</span> <span class='ocrx_word' id='word_1_471' title='bbox 467 2902 540 2946; x_wconf 81' lang='lat' dir='ltr'>qui</span> <span class='ocrx_word' id='word_1_472' title='bbox 557 2883 683 2931; x_wconf 84' lang='lat' dir='ltr'>nsum</span> <span class='ocrx_word' id='word_1_473' title='bbox 703 2882 972 2944; x_wconf 83' lang='lat' dir='ltr'>impediunt,</span> <span class='ocrx_word' id='word_1_474' title='bbox 995 2880 1270 2929; x_wconf 76' lang='lat' dir='ltr'>damnosum</span> <span class='ocrx_word' id='word_1_475' title='bbox 1286 2880 1575 2929; x_wconf 68' lang='lat' dir='ltr'>conductoris</span> <span class='ocrx_word' id='word_1_476' title='bbox 1593 2899 1647 2931; x_wconf 89' lang='lat' dir='ltr'>:n</span> <span class='ocrx_word' id='word_1_477' title='bbox 1708 2901 1762 2930; x_wconf 88' lang='lat' dir='ltr'>ue</span> <span class='ocrx_word' id='word_1_478' title='bbox 1776 2899 1835 2930; x_wconf 92' lang='lat' dir='ltr'>eo</span> <span class='ocrx_word' id='word_1_479' title='bbox 1855 2883 1938 2928; x_wconf 83' lang='lat' dir='ltr'>mi-</span> 
     </span>
     <span class='ocr_line' id='line_1_48' title="bbox 264 2899 1937 3008; baseline -0.002 -16"><span class='ocrx_word' id='word_1_480' title='bbox 264 2963 343 2993; x_wconf 84' lang='lat' dir='ltr'>nus</span> <span class='ocrx_word' id='word_1_481' title='bbox 360 2947 538 2993; x_wconf 81' lang='lat' dir='ltr'>locator</span> <span class='ocrx_word' id='word_1_482' title='bbox 556 2950 624 3005; x_wconf 81' lang='lat' dir='ltr'>jus</span> <span class='ocrx_word' id='word_1_483' title='bbox 637 2946 819 2994; x_wconf 84' lang='lat' dir='ltr'>habebit</span> <span class='ocrx_word' id='word_1_484' title='bbox 840 2946 897 2990; x_wconf 89' lang='lat' dir='ltr'>ad</span> <span class='ocrx_word' id='word_1_485' title='bbox 913 2945 1144 3007; x_wconf 79' lang='lat' dir='ltr'>pecuniam</span> <span class='ocrx_word' id='word_1_486' title='bbox 1161 2943 1435 3005; x_wconf 78' lang='lat' dir='ltr'>promissam,</span> <span class='ocrx_word' id='word_1_487' title='bbox 1452 2945 1554 3008; x_wconf 84' lang='lat' dir='ltr'>quia</span> <span class='ocrx_word' id='word_1_488' title='bbox 1571 2899 1937 3008; x_wconf 51' lang='lat' dir='ltr'>ipsfflicultatem</span> 
     </span>
     <span class='ocr_line' id='line_1_49' title="bbox 264 3005 1937 3072; baseline -0.001 -18"><span class='ocrx_word' id='word_1_489' title='bbox 264 3010 417 3056; x_wconf 84' lang='lat' dir='ltr'>utendi</span> <span class='ocrx_word' id='word_1_490' title='bbox 437 3009 640 3059; x_wconf 73' lang='lat' dir='ltr'>tradidit,</span> <span class='ocrx_word' id='word_1_491' title='bbox 658 3025 750 3070; x_wconf 77' lang='lat' dir='ltr'>quae</span> <span class='ocrx_word' id='word_1_492' title='bbox 770 3023 828 3053; x_wconf 87' lang='lat' dir='ltr'>eo</span> <span class='ocrx_word' id='word_1_493' title='bbox 849 3021 1065 3069; x_wconf 86' lang='lat' dir='ltr'>tempore</span> <span class='ocrx_word' id='word_1_494' title='bbox 1082 3020 1256 3052; x_wconf 86' lang='lat' dir='ltr'>tantum</span> <span class='ocrx_word' id='word_1_495' title='bbox 1276 3005 1471 3053; x_wconf 82' lang='lat' dir='ltr'>valebat.</span> <span class='ocrx_word' id='word_1_496' title='bbox 1487 3023 1741 3070; x_wconf 85' lang='lat' dir='ltr'>quanquam</span> <span class='ocrx_word' id='word_1_497' title='bbox 1758 3011 1807 3056; x_wconf 75' lang='grc' dir='ltr'>δε</span> <span class='ocrx_word' id='word_1_498' title='bbox 1821 3009 1937 3072; x_wconf 84' lang='lat' dir='ltr'>legi-</span> 
     </span>
     <span class='ocr_line' id='line_1_50' title="bbox 265 3067 1937 3133; baseline 0 -16"><span class='ocrx_word' id='word_1_499' title='bbox 265 3072 347 3117; x_wconf 80' lang='lat' dir='ltr'>bus</span> <span class='ocrx_word' id='word_1_500' title='bbox 364 3074 411 3117; x_wconf 71' lang='grc' dir='ltr'>δε</span> <span class='ocrx_word' id='word_1_501' title='bbox 429 3071 564 3133; x_wconf 66' lang='grc' dir='ltr'>ρειέὶίς</span> <span class='ocrx_word' id='word_1_502' title='bbox 578 3072 808 3117; x_wconf 77' lang='lat' dir='ltr'>immutari</span> <span class='ocrx_word' id='word_1_503' title='bbox 827 3069 875 3115; x_wconf 88' lang='lat' dir='ltr'>id</span> <span class='ocrx_word' id='word_1_504' title='bbox 895 3069 1054 3129; x_wconf 84' lang='lat' dir='ltr'>potest.</span> <span class='ocrx_word' id='word_1_505' title='bbox 1091 3067 1136 3114; x_wconf 87' lang='lat' dir='ltr'>Si</span> <span class='ocrx_word' id='word_1_506' title='bbox 1157 3083 1309 3115; x_wconf 89' lang='lat' dir='ltr'>tamen</span> <span class='ocrx_word' id='word_1_507' title='bbox 1325 3069 1506 3117; x_wconf 86' lang='lat' dir='ltr'>locator</span> <span class='ocrx_word' id='word_1_508' title='bbox 1524 3108 1536 3127; x_wconf 91' lang='lat'>‚</span> <span class='ocrx_word' id='word_1_509' title='bbox 1555 3084 1663 3118; x_wconf 86' lang='lat' dir='ltr'>curn</span> <span class='ocrx_word' id='word_1_510' title='bbox 1679 3070 1937 3120; x_wconf 60' lang='lat' dir='ltr'>conductor</span> 
     </span>
     <span class='ocr_line' id='line_1_51' title="bbox 261 3132 1934 3198; baseline 0.002 -22"><span class='ocrx_word' id='word_1_511' title='bbox 261 3136 432 3195; x_wconf 79' lang='lat' dir='ltr'>primus</span> <span class='ocrx_word' id='word_1_512' title='bbox 448 3150 494 3179; x_wconf 89' lang='lat' dir='ltr'>re</span> <span class='ocrx_word' id='word_1_513' title='bbox 512 3135 577 3179; x_wconf 92' lang='lat' dir='ltr'>uti</span> <span class='ocrx_word' id='word_1_514' title='bbox 597 3132 845 3195; x_wconf 87' lang='lat' dir='ltr'>impeditus</span> <span class='ocrx_word' id='word_1_515' title='bbox 863 3132 969 3178; x_wconf 77' lang='lat' dir='ltr'>esset</span> <span class='ocrx_word' id='word_1_516' title='bbox 993 3170 1003 3188; x_wconf 93' lang='lat'>,</span> <span class='ocrx_word' id='word_1_517' title='bbox 1029 3133 1102 3178; x_wconf 84' lang='lat' dir='ltr'>alii</span> <span class='ocrx_word' id='word_1_518' title='bbox 1115 3146 1215 3178; x_wconf 86' lang='lat' dir='ltr'>eam</span> <span class='ocrx_word' id='word_1_519' title='bbox 1232 3133 1450 3181; x_wconf 86' lang='lat' dir='ltr'>locaverit</span> <span class='ocrx_word' id='word_1_520' title='bbox 1466 3171 1478 3190; x_wconf 91' lang='lat'>‚</span> <span class='ocrx_word' id='word_1_521' title='bbox 1497 3133 1934 3198; x_wconf 85' lang='lat' dir='ltr'>quicquidconsecu-</span> 
     </span>
     <span class='ocr_line' id='line_1_52' title="bbox 263 3193 1936 3300; baseline 0.002 -61"><span class='ocrx_word' id='word_1_522' title='bbox 263 3209 334 3300; x_wconf 43' lang='lat' dir='ltr'>tus</span> <span class='ocrx_word' id='word_1_523' title='bbox 350 3196 452 3264; x_wconf 81' lang='lat' dir='ltr'>inde</span> <span class='ocrx_word' id='word_1_524' title='bbox 467 3195 604 3243; x_wconf 86' lang='lat' dir='ltr'>fuerit</span> <span class='ocrx_word' id='word_1_525' title='bbox 623 3193 848 3258; x_wconf 85' lang='lat' dir='ltr'>rependet</span> <span class='ocrx_word' id='word_1_526' title='bbox 860 3195 1011 3256; x_wconf 85' lang='lat' dir='ltr'>primo</span> <span class='ocrx_word' id='word_1_527' title='bbox 1029 3193 1294 3241; x_wconf 66' lang='lat' dir='ltr'>condustori</span> <span class='ocrx_word' id='word_1_528' title='bbox 1317 3234 1330 3252; x_wconf 94' lang='lat'>,</span> <span class='ocrx_word' id='word_1_529' title='bbox 1352 3209 1408 3241; x_wconf 84' lang='lat' dir='ltr'>ne</span> <span class='ocrx_word' id='word_1_530' title='bbox 1423 3210 1543 3244; x_wconf 82' lang='lat' dir='ltr'>exre</span> <span class='ocrx_word' id='word_1_531' title='bbox 1556 3195 1699 3245; x_wconf 78' lang='lat' dir='ltr'>aliena</span> <span class='ocrx_word' id='word_1_532' title='bbox 1713 3198 1790 3246; x_wconf 83' lang='lat' dir='ltr'>fiat</span> <span class='ocrx_word' id='word_1_533' title='bbox 1803 3195 1936 3244; x_wconf 79' lang='lat' dir='ltr'>locu—</span> 
     </span>
     <span class='ocr_line' id='line_1_53' title="bbox 268 3272 446 3315; baseline 0.006 -13"><span class='ocrx_word' id='word_1_534' title='bbox 268 3272 295 3315; x_wconf 83' lang='lat' dir='ltr'>p</span> <span class='ocrx_word' id='word_1_535' title='bbox 317 3272 446 3303; x_wconf 78' lang='lat' dir='ltr'>etior.</span> 
     </span>
    </p>

    <p class='ocr_par' dir='ltr' id='par_1_10' title="bbox 324 3315 1929 3386">
     <span class='ocr_line' id='line_1_54' title="bbox 324 3315 1929 3386; baseline 0.001 -22"><span class='ocrx_word' id='word_1_536' title='bbox 324 3318 369 3364; x_wconf 73' lang='lat' dir='ltr'>X</span> <span class='ocrx_word' id='word_1_537' title='bbox 391 3319 486 3367; x_wconf 84' lang='lat' dir='ltr'>IX.</span> <span class='ocrx_word' id='word_1_538' title='bbox 520 3320 578 3367; x_wconf 85' lang='lat' dir='ltr'>Et</span> <span class='ocrx_word' id='word_1_539' title='bbox 596 3318 723 3381; x_wconf 90' lang='lat' dir='ltr'>quod</span> <span class='ocrx_word' id='word_1_540' title='bbox 743 3317 803 3365; x_wconf 90' lang='lat' dir='ltr'>de</span> <span class='ocrx_word' id='word_1_541' title='bbox 823 3315 1086 3367; x_wconf 80' lang='lat' dir='ltr'>venditione</span> <span class='ocrx_word' id='word_1_542' title='bbox 1110 3317 1239 3380; x_wconf 86' lang='lat' dir='ltr'>supra</span> <span class='ocrx_word' id='word_1_543' title='bbox 1255 3319 1454 3371; x_wconf 81' lang='lat' dir='ltr'>diximus</span> <span class='ocrx_word' id='word_1_544' title='bbox 1472 3358 1487 3380; x_wconf 88' lang='lat'><em>,</em></span> <span class='ocrx_word' id='word_1_545' title='bbox 1523 3320 1663 3386; x_wconf 86' lang='lat' dir='ltr'>pluris</span> <span class='ocrx_word' id='word_1_546' title='bbox 1677 3335 1776 3368; x_wconf 87' lang='lat' dir='ltr'>rem</span> <span class='ocrx_word' id='word_1_547' title='bbox 1790 3316 1929 3368; x_wconf 78' lang='lat' dir='ltr'>vendi</span> 
     </span>
    </p>

    <p class='ocr_par' dir='ltr' id='par_1_11' title="bbox 1784 3396 1936 3429">
     <span class='ocr_line' id='line_1_55' title="bbox 1784 3396 1936 3429; baseline 0 -1"><span class='ocrx_word' id='word_1_548' title='bbox 1784 3396 1936 3429; x_wconf 76' lang='lat' dir='ltr'>mino-</span> 
     </span>
    </p>
   </div>
  </div>
 </body>
</html>
