2380 3917
143 672 188 710 lib
199 698 208 707 .
221 676 293 708 xxx
301 676 315 706 1
324 681 356 705 v·

156 1981 196 2015 L.
213 1982 273 2014 ult⁴
286 1976 376 2013 Date

156 2029 297 2074 collegia.

375 289 447 335 254
799 277 1680 319 nexvannsttl

371 358 445 405 cui
462 351 720 401 contractus
731 349 839 397 inest
856 387 866 402 ,
886 361 1041 393 natura
1052 346 1387 410 obligationem
1417 347 1564 392 multo
1597 345 1864 395 striffiorem
1885 347 2068 397 deiide·

373 435 459 466 rat.
500 414 627 462 Nam
645 415 718 475 qui
739 408 1057 458 contrahendo
1091 407 1261 471 aliquid
1277 407 1336 454 de
1354 406 1434 455 suo
1452 409 1534 455 dat
1551 424 1626 456 aut
1645 412 1877 472 promittit
1904 450 1915 468 ,
1933 413 1969 459 is
1988 414 2061 459 vi-

374 479 521 528 ciffim
537 476 727 538 praestari
743 473 885 535 reipsa
904 471 982 517 fibi
1000 471 1172 532 aliquid
1185 469 1280 516 vult
1301 486 1309 514 :
1333 469 1452 516 unde
1469 473 1628 532 &jure
1645 473 1787 528 civili,
1807 473 1929 540 quod
1950 472 2060 527 fasti

378 542 509 589 alieni
528 537 849 603 promiiiiones
866 532 1074 596 repudiat
1095 570 1106 589 ‚
1134 530 1375 598 promiffio
1408 546 1563 581 tamen
1587 549 1736 582 ratam
1767 550 1866 582 rem
1881 534 2053 589 haberi,

382 605 439 651 ad
457 603 501 648 id
517 600 646 663 quod
666 597 845 645 interest
858 596 1116 661 obstringit.

447 664 536 712 IV.
572 661 744 710 Federa
761 660 1008 723 Menippus
1024 675 1070 705 re
1109 658 1143 704 is
1155 655 1373 703 Antiochi
1388 656 1446 704 ad
1465 656 1708 705 Romanos
1722 657 1898 722 legatus
1912 697 1925 716 ‚
1940 656 2057 712 refe·

379 743 506 777 rente
540 730 564 756 *
605 724 741 771 Livio
763 759 772 772 ,
794 739 867 768 ma
906 724 941 769 is
961 738 1019 768 ex
1038 673 1118 767 υῇι
1135 718 1214 766 suo
1228 735 1366 782 quam
1384 734 1441 768 ex
1459 720 1718 791 praescripto
1737 723 1847 768 artis
1862 723 1924 768 ita
1940 720 2060 772 divi-‘⁴

379 793 447 846 fit,
468 804 516 836 ut
532 787 708 836 diceret
729 787 816 831 tria
828 737 913 832 elge
931 799 1093 831 eorum
1113 779 1320 829 federum
1349 798 1442 844 quae
1459 798 1576 830 mter
1593 782 1635 829 se
1679 781 1973 834 aciscerentur
1989 798 2062 829 re-

379 869 459 920 ges
476 849 770 911 civitatesque
805 863 997 913 genera:
1034 861 1174 899 unum
1201 861 1305 891 cum
1333 843 1457 891 bello
1486 846 1616 893 viffis
1630 800 1889 893 dicerentur
1918 846 2059 910 leges·

381 932 476 979 quo
489 917 535 962 in
549 927 716 977 genere
735 912 842 974 quid
862 909 1033 956 vietum
1054 908 1235 964 habere,
1255 924 1349 969 quo
1366 908 1569 959 mulstari
1584 924 1689 956 eum
1706 909 1858 964 vellet,
1878 908 2063 956 νίἂοῐίε

384 979 467 1025 ess'e
481 976 738 1024 arbitrium:
758 974 953 1020 alterum
972 988 1076 1019 cum
1095 986 1222 1035 pares
1237 969 1361 1017 bello
1374 987 1501 1035 aequo
1516 970 1673 1019 federe
1690 973 1734 1018 in
1752 986 1911 1036 pacem
1926 985 2064 1034 atque

379 1041 630 1088 amicitiam
645 1037 866 1083 venirent.
884 1050 988 1082 tune
1008 1035 1149 1097 repeti
1164 1032 1383 1096 reddique
1399 1050 1478 1096 per
1492 1035 1846 1082 conventionem
1861 1048 1946 1089 res,
1965 1035 2012 1079 δι
2031 1031 2063 1081 fi

381 1118 578 1166 quarum
592 1098 773 1147 turbata
793 1097 916 1144 bello
931 1096 1140 1161 poffeffio
1160 1095 1213 1143 fit
1227 1135 1237 1148 ,
1258 1111 1333 1143 eas
1350 1111 1425 1143 aut
1442 1113 1499 1144 ex
1519 1096 1720 1144 formula
1741 1097 1856 1156 juris
1873 1095 2063 1158 antiqui,

379 1180 460 1214 aut
481 1204 493 1222 ,
513 1181 569 1211 ex
588 1163 728 1227 partis
756 1159 985 1224 utriusque
1013 1157 1276 1206 commodo
1303 1161 1522 1222 componi
1545 1177 1556 1208 ε
1585 1162 1771 1207 tertium
1800 1158 1887 1206 effe
1907 1174 2063 1222 genus,

380 1244 489 1275 cum
509 1228 586 1290 qui
604 1225 754 1271 hostes
774 1240 1002 1286 nunquam
1017 1221 1185 1269 fuerint
1204 1220 1262 1268 ad
1281 1224 1527 1270 amicitiam
1547 1222 1699 1270 sociali
1718 1221 1878 1269 federe
1891 1223 2007 1270 inter
2022 1220 2068 1268 se

381 1292 476 1354 jung
496 1288 661 1337 endam
679 1301 843 1333 coeant
862 1303 872 1334 :
892 1302 1010 1348 quos
1027 1301 1108 1332 nec
1129 1284 1283 1332 dicere
1294 1284 1429 1350 leges,
1450 1302 1531 1331 nec
1552 1288 1772 1348 accipere.

451 1307 511 1407 ὅ,
548 1352 608 1398 At
622 1350 752 1397 nobis
767 1350 1020 1396 accuratius
1037 1347 1301 1395 instituenda
1333 1349 1518 1411 partitio
1538 1348 1599 1395 est
1614 1387 1626 1405 ,
1658 1363 1707 1395 ut
1725 1349 1924 1410 primum
1941 1344 2069 1393 dica-

384 1433 488 1464 mus
503 1414 665 1462 federa
680 1413 764 1459 alia
782 1412 906 1459 idem
924 1410 1193 1458 constituere
1208 1409 1336 1474 quod
1352 1412 1460 1471 juris
1473 1410 1533 1458 est
1550 1411 1776 1466 naturalis,
1797 1409 1883 1457 alia
1899 1407 2069 1472 aliquid

388 1481 430 1528 ei
445 1478 658 1538 adjicere.
680 1475 850 1522 prioris
861 1476 1040 1540 generis
1052 1473 1211 1520 federa
1223 1489 1313 1520 non
1330 1487 1500 1525 tantum
1518 1474 1614 1521 fieri
1629 1473 1772 1529 solent
1786 1475 1903 1521 inter
1919 1472 2071 1520 hostes

385 1544 464 1607 qui
482 1546 507 1588 a
521 1540 644 1587 bello
662 1537 911 1594 discedunt,
926 1535 1002 1584 sed
1021 1537 1133 1590 olim
1149 1539 1195 1582 &
1212 1536 1374 1584 fiebant
1388 1536 1495 1599 saepe
1518 1576 1530 1594 ,
1546 1539 1596 1583 &
1612 1537 1764 1600 aliquo
1777 1534 1924 1583 modo
1940 1549 2071 1583 erant

387 1604 628 1652 necessaria
645 1603 764 1647 inter
775 1617 857 1648 eos
875 1601 952 1664 qui
969 1614 1074 1647 ante
1093 1599 1201 1646 nihil
1220 1599 1555 1646 contraxissent.
1576 1599 1623 1646 id
1639 1599 1747 1648 inde
1763 1596 2072 1661 ortum,quod.

388 1667 545 1726 regula
566 1665 639 1712 illa
656 1666 766 1723 juris
785 1663 1000 1710 naturalis
1017 1701 1029 1719 ‚
1047 1679 1104 1709 co
1151 1664 1373 1709 iationem
1388 1664 1502 1709 inter
1518 1664 1725 1711 homines
1741 1661 1969 1726 quandam
1985 1659 2073 1715 effe

391 1734 421 1778 ὲ
438 1720 596 1776 natura
616 1767 626 1783 ‚
645 1743 695 1773 ac
710 1726 901 1790 proinde
919 1725 1046 1772 nefas
1058 1741 1084 1772 e
1119 1743 1145 1772 e
1162 1726 1353 1773 alterum
1367 1724 1424 1772 ab
1440 1725 1586 1772 altero
1599 1725 1694 1773 laedi
1717 1764 1729 1781 ‚
1748 1741 1799 1772 ut
1826 1725 1939 1772 olim
1967 1737 2073 1771 ante

394 1793 637 1846 diluvium,
654 1792 713 1836 ita
729 1791 876 1837 rursus
893 1789 1046 1850 aliquo
1065 1787 1161 1852 post
1178 1788 1398 1839 diluvium
1415 1802 1625 1853 tempore
1638 1789 1765 1836 malis
1783 1786 1988 1835 moribus
2006 1784 2074 1833 es-

396 1855 458 1903 set
475 1855 733 1909 obliterata,
770 1858 796 1883 *
834 1855 900 1900 ita
916 1868 966 1899 ut
977 1852 1233 1898 latrocinari
1251 1853 1300 1898 &
1313 1851 1482 1914 praedas
1495 1867 1627 1912 agere
1641 1853 1685 1898 in
1720 1863 1932 1898 externos
1950 1850 2075 1896 nullo

395 1917 518 1965 bello
535 1916 723 1966 indicio,
739 1933 826 1980 pro
838 1916 967 1963 licito
983 1915 1242 1963 haberetur:
1260 1916 1389 1978 quod
1406 1916 1622 1969 ἓκυθτσμῖιν.
1637 1930 1772 1961 vocat
1784 1913 2077 1977 Epiphaniusq

398 1981 521 2029 Hinc
535 1980 608 2026 illa
638 1977 665 2027 †
702 1979 821 2044 apud
837 1979 1102 2026 Homerum
1123 2016 1133 2034 ‚
1169 1994 1224 2025 an
1239 1978 1473 2046 praedones
1490 1978 1589 2025 estis
1607 1978 1628 2024 ?
1660 1979 1802 2025 amica
1819 1978 2075 2041 interroga-

396 2046 483 2100 ti0,
518 2046 542 2073 *
579 2045 706 2100 cuius
723 2047 770 2089 δε
787 2041 1090 2103 Thucydides
1108 2042 1318 2088 meminit
1333 2081 1343 2097 ,
1363 2042 1469 2088 &in
1484 2039 1668 2087 Solonis
1699 2039 1800 2104 lege
1816 2042 1958 2087 veteri
1976 2039 2076 2085 col-

159 2108 374 2144 lad-¹2¹1&
400 2108 517 2172 legia
534 2105 595 2149 ἰπὶ
609 2116 716 2149 afwa
733 2105 947 2164 ὶςρρμὲνωνε
966 2106 1143 2167 quippe,
1156 2119 1207 2150 ut
1227 2103 1415 2150 Iustinus
1434 2105 1494 2150 ait
1513 2139 1521 2153 ‚
1542 2103 1597 2151 ad
1616 2102 1847 2165 Tarquinii
1864 2117 2077 2165 tempora

174 3045 250 3078 Livi
268 3045 325 3082 hh.

178 3101 269 3129 xm.

398 2170 693 2218 latrocinium
712 2183 850 2213 maris
867 2169 1016 2230 gloria
1030 2166 1308 2214 habebatur:
1340 2166 1510 2213 &illud
1543 2168 1586 2212 in
1603 2165 1817 2213 Romano
1833 2168 1928 2225 jure
1948 2205 1960 2221 ,
1979 2180 2029 2212 ut
2044 2164 2074 2210 fi

401 2249 506 2282 cum
519 2245 655 2294 gente
674 2230 820 2289 aliqua
833 2244 976 2292 neque
993 2231 1256 2285 amicitiam,
1273 2244 1416 2291 neque
1432 2228 1676 2291 hospitium
1697 2265 1706 2278 ‚
1725 2243 1866 2292 neque
1883 2228 2014 2274 fedus
2027 2243 2078 2274 a·

401 2296 578 2345 micitiae
594 2292 725 2340 causa
741 2291 909 2340 fastum
927 2292 1148 2340 habeatur
1166 2331 1178 2348 ‚
1193 2294 1239 2338 hi
1258 2291 1405 2339 hostes
1417 2292 1598 2355 quidem
1617 2307 1705 2338 non
1723 2291 1806 2338 sint
1828 2290 1984 2354 :quod
1998 2299 2080 2337 aii-2

402 2375 500 2408 tem
517 2372 576 2403 ex
594 2355 813 2401 Romano
833 2355 889 2402 ad
901 2371 983 2402 eos
1009 2369 1292 2419 pervenerat„
1310 2354 1494 2402 illorum
1511 2355 1602 2406 fiat,
1619 2353 1791 2402 &liber
1815 2355 1964 2401 homo.
1978 2353 2079 2400 Ro-

405 2436 564 2468 manus
582 2419 639 2465 ab
651 2420 714 2464 eis
731 2434 889 2481 captus
908 2418 1058 2465 servus
1077 2419 1169 2464 fiat.
1188 2417 1400 2479 idemque
1414 2415 1465 2465 fit
1488 2457 1498 2473 ‚
1515 2417 1642 2480 siquis
1659 2417 1765 2464 inde
1774 2417 1831 2464 ad
1842 2417 2080 2468 Romanos,

406 2483 640 2546 perveniat
661 2497 672 2527 ε
692 2485 739 2527 δε
756 2482 845 2527 hoc
863 2498 1047 2544 quoque
1065 2482 1165 2527 casu
1183 2479 1499 2544 postliminium
1516 2480 1666 2526 detur.
1680 2478 1756 2528 Sic
1774 2480 2083 2542 Corcyrenses

407 2546 521 2592 olim
537 2559 640 2590 ante
657 2543 765 2590 belli
787 2543 1154 2606 Peloponnesiaci
1175 2557 1385 2605 tempora
1403 2544 1551 2590 hostes
1586 2543 1917 2591 Atheniensium
1933 2559 2024 2590 non
2035 2560 2081 2591 e-

408 2623 527 2662 rant,
545 2605 619 2653 sed
634 2623 714 2652 nec
732 2622 889 2669 pacem
903 2623 1008 2653 cum
1027 2607 1128 2661 illis‘,
1151 2619 1232 2651 nee
1246 2605 1446 2654 inducias
1463 2606 1687 2654 habebant
1701 2645 1712 2662 ‚
1731 2621 1780 2654 ut
1797 2623 1853 2653 ex
1871 2607 2084 2654 oratione

408 2669 765 2717 Corinthiorum
785 2668 903 2733 apud
928 2667 1256 2730 'I'hncydidem
1280 2683 1476 2731 apparet.
1514 2669 1588 2720 De
1606 2669 1796 2716 Boccho
1825 2668 2085 2726 Sallustius;

410 2736 515 2780 nobas
528 2751 641 2795 neque
659 2736 749 2778 bello
774 2752 890 2795 neque
903 2748 994 2793 pace
1012 2738 1194 2791 cognitus.
1226 2729 1344 2777 Hinc
1360 2733 1405 2778 in
1422 2732 1641 2778 barbaros
1655 2732 1852 2802 praedam
1870 2747 2086 2779 exercere

411 2794 646 2841 laudatum
669 2794 912 2844 Aristoteli,
932 2793 1090 2856 &ipsa
1110 2809 1202 2840 vox
1218 2792 1355 2839 hostis
1374 2833 1384 2849 ,
1403 2796 1546 2840 veteri
1566 2794 1700 2841 Latio
1714 2795 1821 2841 nihil
1838 2794 1913 2842 nisi
1931 2810 2087 2843 exter-2

410 2872 519 2902 num
534 2855 819 2920 significabat.
837 2856 931 2903 Sub
950 2857 1039 2903 hoc
1058 2871 1226 2918 genere
1243 2856 1584 2918 comprehendo
1598 2859 1646 2904 &
1662 2857 1820 2905 feder-a
1835 2856 1995 2920 quibus
2009 2872 2087 2903 ca-

411 2932 558 2973 vetur,
580 2933 629 2964 ut
643 2921 848 2981 utrinque
865 2921 935 2980 jus
949 2919 1144 2982 hospitii,
1162 2934 1211 2965 ut
1224 2921 1292 2978 jus
1309 2922 1573 2967 commercii
1591 2920 1655 2977 fit,
1685 2936 1901 2983 quatenus
1916 2921 1990 2967 ista
2005 2917 2084 2967 sub

412 2980 513 3039 jure
531 2981 719 3027 naturali
739 2984 922 3029 veniunt
943 3021 953 3038 ‚
971 2999 1058 3044 qua
1075 2983 1133 3029 de
1151 2996 1199 3027 re
1216 2984 1390 3039 egimus
1409 2982 1525 3029 alibi.
1552 2982 1705 3030 Vtitur
1722 2985 1814 3029 hoc
1831 2982 2088 3030 discrimine

416 3041 558 3097 Areo,
580 3044 623 3088 in
643 3045 848 3090 oratione
866 3046 925 3091 ad
944 3045 1132 3092 Achaeos
1144 3045 1262 3106 apud
1280 3044 1461 3091 Livium
1478 3083 1488 3102 ‚
1509 3044 1583 3092 ubi
1599 3062 1686 3091 non
1703 3045 1761 3092 de
1781 3046 1999 3092 societate
2022 3045 2086 3091 ait

420 3105 553 3166 quaeri
572 3142 583 3158 ‚
602 3105 677 3150 sed
707 3105 766 3150 de
801 3109 1087 3154 commercio
1117 3107 1343 3169 praebendi
1362 3108 1680 3170 repetendique
1695 3110 1803 3168 juris
1825 3123 2014 3171 :nempe
2031 3121 2088 3164 ne

418 3167 555 3213 servis
574 3167 883 3215 Macedonum
904 3172 1021 3230 apud
1043 3169 1082 3214 se
1102 3168 1359 3234 perfugium
1377 3172 1492 3217 esset.
1527 3170 1635 3217 Hoc
1647 3186 1787 3236 genus
1810 3185 1962 3217 totum
1977 3185 2088 3217 con·

417 3231 684 3275 ventionum
701 3230 843 3277 Graeci
862 3231 1003 3277 stricte
1013 3231 1141 3289 ekgn‘m
1155 3247 1345 3287 vocant,
1365 3235 1411 3280 &
1429 3245 1666 3297 opponunt
1686 3226 1855 3279 areum-s
1871 3271 1881 3288 ,
1908 3249 1959 3280 ut
1988 3246 2090 3279 tum

418 3291 522 3340 alibi
540 3292 694 3340 videre
711 3291 786 3348 est,
806 3307 903 3341 tum
918 3295 962 3341 in
979 3297 1186 3341 oratione
1204 3295 1455 3344 Andocidis
1467 3297 1524 3343 de
1536 3313 1647 3357 pace
1674 3312 1779 3343 cum
1794 3295 1942 3342 Laced
1950 3309 2090 3341 aomo-

415 3355 510 3400 niis.
1820 3357 1863 3405 V
1882 3358 1918 3405 1.
1954 3355 2086 3404 Con·
