2380 3917
395 366 465 402 602
791 356 1648 398 DEIVREBELLI

396 441 498 472 cem
516 439 609 472 non
623 421 815 486 pertinet
834 459 843 472 ‚
861 437 1007 484 neque
1034 422 1159 467 enim
1187 419 1292 468 belli
1312 418 1498 484 gerendi
1514 435 1616 483 pars
1645 418 1708 467 est
1724 419 1892 469 bellum
1903 420 2058 474 finire:

396 491 496 535 imo
514 488 591 533 etii
609 502 713 532 cum
728 486 928 532 maxima
996 482 1184 531 otestate
1200 483 1455 546 praepofitus
1468 480 1606 530 fuerit
1621 520 1633 540 ‚
1667 497 1719 529 ea
1729 483 1787 528 de
1808 482 1912 529 belli
1929 484 2067 531 ductu

404 552 488 596 crit
507 547 818 613 intelligenda.
850 500 1040 612 Ageiiiai
1059 543 1313 610 responsum
1344 545 1406 592 ad
1437 544 1592 593 Persas
1627 543 1715 592 fuit
1731 544 1862 602 εἰρήνης
1886 547 1944 592 τήν
1961 547 2069 590 πόλιν

171 618 297 661 ngurt.
409 607 502 664 εἶναι,
516 611 648 663 κύβιον
666 635 678 662 ;
694 616 835 671 depace
851 613 1097 668 constituendi
1112 627 1183 669 μα
1203 612 1268 669 effe
1296 613 1462 654 civitati.
1495 617 1628 670 Qum
1647 624 1779 670 pacem
1808 617 1869 655 A.
1902 614 2068 657 Albinus

408 694 494 720 cum
510 678 700 734 Iugurtha
716 693 792 734 rege
793 676 955 730 senatus
982 678 1119 733 injuffu
1133 675 1466 731 fecerat‚finattes
1481 673 1639 729 rescidit,
1656 671 1804 731 inquit
1816 669 2061 718 Sallustius.

172 741 214 776 L·
229 746 345 774 ΧΧΧῊ
356 745 387 775 ¹·
408 736 466 781 Et
484 736 602 797 apud
621 735 800 781 Livium
819 734 880 781 est
898 750 908 779 ζ
924 735 991 796 qui
1001 751 1093 780 rata
1107 737 1178 791 ista
1190 749 1269 795 pax
1284 739 1359 779 erit
1373 767 1384 782 ,
1417 740 1542 793 ‘quam
1557 752 1632 779 non
1657 751 1701 779 ex
1714 739 2069 795 austoritatesena-

406 815 469 844 tus
485 832 494 846 ‚
514 801 690 858 nonJuffu
700 800 824 859 populi
856 802 1018 843 Romam·
1028 803 1277 857 peregerimus
1293 808 1309 839 ?
1342 793 1417 840 Sic
1432 791 1647 841 Caudina
1665 832 1677 850 ,
1708 793 1766 840 fic
1785 793 2067 843 Numantina

405 858 580 922 sponsio
598 861 819 922 populum
838 857 1114 914 Romanum,
1133 871 1183 903 ut
1196 857 1303 904 alibi
1318 855 1624 920 exposuimus,
1641 873 1732 904 non
1750 857 1987 922 obligavit.
2007 858 2067 906 Et

408 936 589 969 eatenus
602 937 756 968 verum
775 920 834 967 est
846 919 957 967 illud
974 919 1289 982 Posthumii‚fi
1297 924 1394 983 quid
1409 923 1509 978 estin
1524 939 1598 983 quo
1612 924 1772 982 obligari
1775 924 1931 981 populus
1938 924 2067 982 potest,

405 991 447 1030 in
458 992 584 1031 omnia
623 986 710 1040 otest
723 1021 735 1038 ,
761 999 925 1048 nempe
958 999 1120 1030 eorum
1156 999 1251 1045 quae
1284 982 1342 1030 ad
1364 980 1550 1029 dustum
1577 981 1684 1029 belli
1703 997 1792 1028 non
1822 983 2064 1044 pertinent,

438 1044 531 1092 uod
548 998 787 1093 ossendunt
803 1045 1129 1101 antecedentia,
1149 1046 1209 1093 de
1223 1044 1537 1102 deditione,de
1554 1043 1794 1108 spoufione
1807 1044 2069 1108 relinquen-4

402 1061 469 1156 3ae
480 1124 554 1155 aut
571 1109 858 1157 incendendae
875 1108 1015 1165 urbis,
1032 1108 1093 1155 de
1105 1107 1217 1156 statu
1227 1106 1460 1156 mutando.

470 1169 510 1218 V
524 1171 573 1217 11
591 1170 630 1217 1.
665 1178 695 1207 *
727 1172 933 1221 Iriducias
947 1172 1057 1219 dare
1069 1171 1237 1220 ducum
1257 1171 1320 1218 est
1341 1209 1353 1228 ,
1369 1186 1453 1218 nec
1467 1171 1748 1219 summorum
1767 1184 1944 1228 tantum
1963 1207 1974 1227 ‚
1990 1166 2071 1216 sed

409 1234 459 1280 ἅτ
482 1235 712 1280 minorum
731 1270 742 1285 ,
777 1237 831 1284 iis
859 1251 1023 1300 nempe
1037 1249 1152 1297 quos
1169 1248 1427 1298 oppugnant
1446 1249 1524 1282 aut
1541 1233 1738 1281 obseffos
1751 1247 1906 1289 tenent
1931 1271 1943 1290 ,
1963 1234 2011 1280 &
2026 1232 2072 1280 se

176 1301 365 1338 lab-xxxv·
408 1295 590 1358 suasque
606 1297 760 1360 copias
773 1298 902 1361 quod
915 1300 1091 1346 attinet.
1128 1297 1254 1346 Nam
1269 1299 1380 1344 alios
1408 1296 1548 1346 duces
1581 1313 1710 1361 pares
1736 1312 1830 1344 non
1846 1296 2070 1362 obligant,

410 1362 538 1422 quod
549 1359 671 1407 Fabii
688 1361 737 1406 δε
752 1361 961 1408 Marcelli
979 1359 1159 1409 historia
1174 1361 1294 1423 apud
1310 1359 1492 1408 Livium
1509 1360 1725 1409 declarat.

475 1421 574 1470 IX.
611 1422 835 1471 Homines
850 1462 862 1481 ‚
897 1425 1088 1487 imperia
1107 1460 1118 1475 ,
1148 1440 1284 1488 agros
1299 1423 1421 1471 bello
1433 1424 1611 1487 quaesita
1637 1422 1896 1472 concedere
1907 1422 2072 1470 itidem

175 1481 262 1561 173ἶῖ
280 1481 389 1516 5⁶³⁸·
412 1484 578 1531 ducum
595 1502 683 1532 non
699 1487 776 1533 est.
792 1487 902 1535 Hoc
916 1488 1019 1548 jure
1039 1486 1171 1550 Syria
1186 1487 1377 1553 Tigrani
1392 1487 1579 1535 ademta
1591 1501 1847 1556 quanquam
1860 1486 2075 1534 Lucullus

175 1530 389 1620 caffsslaissh.
412 1547 614 1596 dederat.
638 1550 710 1596 De
727 1547 1017 1612 Sophonisba
1030 1567 1125 1613 quae
1143 1551 1265 1598 bello
1283 1564 1415 1614 capta
1427 1566 1524 1599 erat
1537 1553 1598 1598 ait
1617 1548 1771 1613 Scip1o
1804 1547 1978 1596 senatus
1990 1565 2073 1612 po-

180 1622 387 1667 &jm,t.1.
410 1611 591 1674 pulique
612 1611 809 1660 Romani
823 1614 1040 1674 judicium
1059 1629 1196 1676 atque
1219 1613 1452 1661 arbitrium
1477 1612 1562 1661 effe
1581 1634 1597 1672 ;
1622 1612 1731 1659 ideo
1761 1616 1790 1660 ὲ
1819 1610 2068 1668 Masaniffa,

252 1676 255 1679 “
410 1689 503 1736 quo
521 1673 636 1721 duce
652 1691 784 1739 capta
799 1690 908 1733 erat,
928 1674 1187 1724 libertatem
1204 1678 1242 1723 ei
1259 1675 1357 1724 dari
1375 1693 1466 1724 non
1489 1675 1691 1742 potuisse.
1704 1674 1754 1721 In
1767 1690 1838 1722 res
1853 1674 1961 1722 alias
1977 1690 2074 1738 quae

407 1737 454 1782 in
468 1737 617 1799 praeda
634 1738 728 1785 sunt
748 1777 759 1794 ‚
791 1739 862 1799 jus
876 1739 1065 1802 aliquod
1082 1740 1274 1787 concedi
1291 1740 1618 1804 imperantibus
1648 1737 1855 1794 videmus
1869 1753 1959 1784 non
1974 1752 2075 1785 tam

409 1815 467 1846 ex
489 1801 527 1845 vi
544 1799 771 1863 potestatis
783 1817 918 1863 quam
934 1801 1147 1865 cujusque
1165 1804 1324 1866 populi
1338 1802 1557 1851 moribus.
1586 1818 1675 1865 qua
1691 1800 1750 1847 de
1765 1817 1815 1848 re
1832 1799 1936 1846 satis
1948 1798 2076 1863 supe-

177 1862 365 1904 Ufflflst·
411 1863 498 1909 rius
515 1866 541 1909 a
559 1864 690 1911 nobis
705 1864 874 1912 dicium
891 1865 972 1914 est.
1003 1866 1064 1913 At
1090 1865 1298 1913 nondum
1327 1866 1505 1929 quaefita
1519 1865 1786 1914 condonate
1813 1863 2002 1909 omnino
2029 1862 2075 1907 in

179 1914 279 1948 ‘²¹³'
311 1918 370 1954 ¹5-
414 1925 578 1973 ducum
596 1927 656 1973 est
703 1927 891 1979 otestate
910 1946 921 1976 :
940 1930 1045 1992 quia
1061 1928 1230 1993 oppida
1247 1929 1457 1993 pleraque
1475 1932 1523 1976 &
1541 1930 1749 1976 homines
1768 1925 1874 1987 sat-pe
1891 1927 1935 1971 in
1951 1923 2075 1972 bello

414 1987 589 2036 dedunt
607 1990 649 2036 se
684 1991 740 2038 ub
758 1990 1098 2056 conditionibus
1118 1993 1218 2040 vitae
1237 1992 1379 2049 salvae,
1398 2007 1473 2040 aut
1488 1991 1772 2039 &libertatis
1795 2027 1807 2046 ,
1835 2003 1912 2035 aut
1926 1989 1971 2034 &
1985 1987 2074 2034 bo-

406 2066 584 2108 norum,
601 2053 661 2100 de
675 2053 831 2116 quibus
843 2052 1022 2102 summae
1035 2055 1269 2116 potestatis
1282 2055 1521 2102 arbitrium
1536 2055 1708 2117 exquiri
1725 2068 1796 2100 res
1808 2050 2077 2113 plerumque

411 2130 500 2160 non
514 2117 690 2176 patitur.
713 2117 811 2165 Pari
823 2119 1000 2165 ratione
1016 2119 1086 2176 jus
1101 2119 1192 2165 hoc
1211 2121 1260 2164 &
1276 2117 1468 2165 ducibus
1486 2135 1578 2165 non
1599 2117 1781 2164 ffimmis
1794 2113 1995 2161 dandum
2012 2111 2075 2159 est

408 2178 521 2224 intra
538 2194 591 2225 ea
609 2195 704 2241 quae
720 2180 821 2242 iplis
838 2180 1009 2248 agenda
1025 2182 1264 2229 commiffa
1278 2181 1392 2228 sunt.
1409 2179 1651 2228 Maharbal
1667 2178 1888 2225 Romanis
1930 2173 2076 2223 uibus-

413 2239 535 2291 dam,
556 2243 701 2304 quiex
747 2243 867 2291 raelio
883 2244 941 2290 ad
957 2243 1323 2312 Thrasymenum
1336 2242 1564 2292 evaserant
1582 2281 1592 2298 ,
1614 2242 1715 2289 satis
1731 2243 1869 2304 longe
1895 2257 1921 2286 a
1954 2238 2075 2309 sente

412 2303 650 2355 Annibale,
668 2306 696 2351 fi
732 2322 805 2353 em
838 2306 1031 2354 dederat
1060 2322 1153 2355 non
1172 2322 1361 2361 ‚tantum
1380 2308 1480 2357 vitae
1507 2308 1568 2352 τῆς
1577 2303 1761 2356 manaim
1778 2335 1808 2361 -„
1818 2320 1869 2350 ut
1883 2306 2074 2349 flitmum

411 2365 583 2412 concise
602 2383 749 2415 narrat
769 2369 1000 2430 Polybius,
1016 2369 1108 2427 sed,
1128 2369 1157 2416 fi
1172 2386 1297 2417 arma
1308 2369 1588 2416 tradidissent
1609 2408 1620 2424 ‚
1638 2369 1763 2415 abire
1775 2383 1878 2414 cum
1900 2363 2075 2436 finuuljS

412 2428 680 2476 vestimentis
695 2431 867 2493 paffurt'i
893 2449 904 2480 ε
937 2434 1101 2479 retinet
1113 2448 1194 2479 eos
1210 2432 1402 2479 Annibal
1417 2432 1507 2480 hoc
1520 2430 1725 2480 causatus
1749 2433 1800 2473 ⁴0'-n
1815 2424 2009 2481 Μωαρζὲις
2026 2441 2074 2466 ⁸2

413 2488 462 2537 ἐἴη
477 2490 629 2544 κῦϋΘ*
645 2491 738 2534 οἵνώ
752 2494 785 2537 ¹2³
800 2493 902 2537 αὐτὲ
916 2495 1063 2550 mesilam
1080 2490 1182 2542 ὢὸἐς
1196 2496 1256 2541 τήν
1267 2494 1492 2550 ἀσφαλες-ἰω
1505 2496 1576 2540 τοῖς
1590 2489 1856 2538 ὼοσ-πόνδὶις.
1869 2495 1893 2521 *
1912 2501 1958 2541 In
1969 2504 2073 2554 pote-

405 2557 503 2611 state
520 2559 757 2603 Maharbalis
772 2577 842 2604 non
849 2561 964 2620 fi⁴¹ffe
968 2563 1011 2618 ft
1021 2561 1229 2618 inconsulto
1238 2562 1363 2617 fidem
1371 2563 1468 2606 dare
1467 2563 1515 2619 ft·
1526 2562 1750 2604 dedentibus
1767 2575 1846 2619 qua
1856 2557 1943 2617 ipfhs
1957 2558 2076 2612 illesos

416 2634 487 2665 aut
500 2622 685 2664 indemnes
694 2624 884 2680 prastaret.
924 2620 1148 2668 Iudicium
1182 2621 1243 2669 de
1260 2620 1349 2668 hoc
1367 2621 1490 2667 faoko
1521 2620 1642 2667 Livii
1670 2619 1864 2682 sequitur
1880 2632 1893 2663 ;
1929 2622 2076 2662 Punica

411 2685 907 2741 religimeservamfidesab
918 2688 1115 2729 Annibale
1131 2687 1193 2741 est.
1231 2687 1386 2750 Qre
1414 2685 1462 2729 &5
1478 2683 1554 2729 Μ.
1572 2682 1779 2728 Tullium
1801 2718 1812 2735 ‚
1833 2680 1878 2723 in
1897 2677 2074 2724 Rabirii

414 2740 552 2795 causa,
574 2756 621 2787 ut
631 2758 862 2791 oratorem
881 2745 1038 2792 audire
1052 2745 1288 2802 debemus,
1305 2763 1394 2794 non
1405 2745 1681 2805 utjudicem.
1714 2742 1822 2790 Vult
1838 2744 1865 2786 ὲ
1882 2738 2073 2786 Rabirio

413 2802 698 2850 Saturninum
714 2808 807 2864 jure
823 2809 977 2855 caesum
989 2823 1126 2870 quem
1145 2807 1316 2856 Consul
1333 2808 1393 2856 C.
1405 2808 1581 2855 Marius
1596 2806 1704 2852 data
1734 2803 1824 2850 fide
1855 2817 1913 2848 ex
1931 2800 2076 2865 Capi-

416 2867 532 2911 tolio
552 2866 812 2914 abduxerat.
833 2875 948 2920 Fides,
967 2872 1044 2926 ait,
1057 2880 1123 2936 qui
1136 2880 1262 2931 potuit
1272 2873 1353 2931 fine
1356 2872 1677 2931 senatusconsulto
1691 2871 1814 2912 dari?
1829 2865 1876 2910 δι
1893 2864 1958 2910 ita
1975 2879 2073 2910 rem

410 2931 504 2989 agit
530 2928 647 2990 quasi
680 2930 876 2977 Marium
907 2931 1052 2980 solum
1078 2933 1192 2980 fides
1208 2933 1286 2979 ista
1303 2933 1618 2996 obstringeret.
1658 2929 1796 2990 Atqui
1816 2924 1875 2973 C.
1898 2927 2076 2974 Marius

412 3007 471 3037 ex
495 2991 865 3038 senatusconsulto
902 2994 1169 3056 potestatem
1205 3010 1438 3056 acceperat
1474 3008 1661 3056 operam
1698 2987 1835 3037 dandi
1864 3004 1914 3035 ut
1937 2991 2076 3049 impe-

416 3054 529 3098 rium
565 3054 719 3115 populi
754 3052 944 3103 Romani
974 3055 1266 3118 majestasque
1294 3056 1650 3103 conservaretur.
1683 3057 1707 3099 'ff‘
1747 3053 1795 3098 In
1812 3068 1865 3099 ea
1881 3052 2073 3114 potesta-

414 3129 461 3159 te
480 3153 489 3169 ‚
527 3131 620 3174 quae
638 3115 857 3163 Romanis
872 3119 1076 3167 moribus
1093 3134 1188 3166 erat
1202 3121 1416 3175 maxima,
1431 3120 1531 3181 quis
1548 3131 1682 3180 neget
1697 3114 2075 3175 comprehensum

414 3181 477 3232 jus
493 3176 648 3272 dandae
667 3179 942 3237 impunitatis
955 3181 985 3229 si
1002 3198 1060 3229 eo
1081 3180 1231 3227 modo
1251 3197 1390 3227 omne
1407 3178 1652 3243 periculum
1665 3183 1692 3227 a
1710 3176 1938 3238 republica
1950 3191 2075 3223 arce·

416 3252 536 3283 XCYUI‘
558 3276 566 3284 .

480 3298 546 3344 X.
576 3299 802 3346 Caeterum
823 3303 863 3348 in
882 3304 947 3351 his
964 3304 1131 3352 ducum
1150 3304 1301 3367 paCtis,
1313 3306 1419 3367 quia
1435 3303 1495 3350 de
1513 3319 1562 3351 re
1579 3315 1716 3368 agunt
1725 3301 1869 3349 aliena
1887 3340 1898 3358 ‚
1917 3313 2076 3363 quate-

416 3377 495 3407 nus
510 3361 926 3414 contraitumatura
944 3369 1127 3433 patitur,
1145 3366 1462 3432 adstringenda
1477 3366 1796 3430 interpretatio
1811 3403 1824 3424 2
1843 3378 2006 3426 nempe
2019 3377 2076 3408 ΠΒ

1999 3439 2075 3472 aut
