2475 3854
767 259 1733 306 ncracrffitruu.
1988 267 2062 312 127

391 343 426 382 κ
437 341 469 378 V
482 339 502 376 Ῑ
520 337 540 372 Ῐ
551 336 581 372 Ῑ.
611 333 744 371 Flumen
764 333 925 368 interdum
934 339 1038 366 totum
1050 329 1196 364 accedere
1297 327 1427 378 populna
1440 325 1615 360 dominium
1642 325 1801 367 quoddam
1805 329 1954 373 generale
1962 344 2051 367 xm,

435 386 600 423 territorio.
1294 381 1438 420 pavent.

385 439 420 473 X
432 436 450 471 I
465 435 511 470 X.
532 435 593 466 Res
616 426 778 464 derehstcu
801 426 967 473 occupanti
991 423 1100 457 cedere
1118 445 1127 458 ,
1144 422 1199 467 nisi

497 587 704 634 rivativa.
733 582 996 647 Originaria
1013 577 1244 640 acquisitio
1263 577 1374 622 olim
1392 593 1493 623 eum
1512 593 1652 640 genus
1668 579 1912 626 humanum
1931 584 2058 627 coire

487 648 629 713 poffet
648 685 660 704 ,
672 646 768 693 fieri
784 635 936 710 potuit
951 644 1087 690 etiam
1106 656 1186 699 per
1201 638 1468 686 divisionem
1489 678 1500 697 ‚
1520 655 1567 687 ut
1586 641 1784 688 diximus
1802 682 1813 699 ,
1847 660 1962 690 nunc
1978 659 2061 707 per

386 711 733 776 occupationem
751 723 946 755 tantum.

451 774 475 821 I
491 775 530 821 1.
566 773 703 822 Dicat
722 770 846 818 forte
861 770 1018 834 aliquis
1036 769 1173 815 etiam
1192 763 1476 814 eonceffione
1495 764 2058 824 servitutis‚constit11tione

387 837 591 908 pignoris
607 833 773 898 aliquid
790 833 1020 899 originarii
1036 833 1204 895 acquiri
1224 847 1235 878 :
1267 827 1344 875 sed
1373 827 1494 873 reste
1525 830 1794 892 expendenti
1823 831 2056 893 apparebit

388 899 439 947 id
455 903 524 960 jus
542 914 714 947 novum
729 913 822 944 non
837 898 923 946 effe
942 895 1017 943 nist
1036 895 1203 941 modo.
1218 908 1319 939 nam
1339 893 1506 938 virture
1524 893 1616 955 ipsa
1628 895 1767 942 inerat
1784 896 1829 940 in
1847 892 2057 941 dominio

388 962 580 1009 domini.

457 1025 480 1072 1
498 1024 564 1071 ΙΙ.
604 1020 768 1070 Paulus
786 1018 1120 1069 Iurisconsultus
1137 1019 1396 1083 acquirendi
1415 1020 1553 1067 causis
1582 1018 1630 1064 &
1651 1020 1762 1067 lianc
1780 1033 2054 1077 annumerat,
2077 1040 2113 1073 L.
2134 1037 2290 1084 Poſsum.

423 1104 488 1136 uae
503 1087 707 1134 maxime
734 1084 915 1132 videtur
944 1083 1153 1130 naturalis
1171 1122 1181 1139 ,
1202 1084 1231 1130 fi
1250 1083 1359 1145 quid
1390 1083 1467 1146 ipsi
1488 1097 1538 1130 ut
1559 1084 1600 1128 in
1615 1098 1762 1129 rerum
1781 1098 1936 1130 natura
1953 1083 2057 1129 effer
2080 1097 2108 1123 §-
2131 1090 2271 1121 Genera-

391 1104 600 1200 pecimus.
620 1145 713 1195 Sed
726 1163 829 1194 eum
854 1146 1119 1194 naturaliter
1135 1147 1242 1192 nihil
1260 1149 1338 1193 fiat
1355 1147 1431 1193 nifi
1453 1162 1510 1193 ex
1527 1148 1715 1192 materia
1731 1149 1850 1210 prius
1868 1147 2059 1193 existen·
2079 1136 2114 1213 1}
2119 1157 2126 1165 ⁴
2146 1135 2185 1168 ‘i‘
2198 1142 2273 1176 Μ’

392 1228 456 1271 te,
475 1213 575 1262 easi
591 1210 741 1259 nostra
755 1210 912 1266 fuerit,
941 1208 1279 1256 continuabitur
1294 1210 1548 1257 dominium
1569 1209 1711 1271 specie
1729 1209 1980 1256 introducta
1997 1227 2008 1258 :
2028 1210 2058 1258 fi
2077 1191 2097 1229 p
2141 1202 2150 1213 ⁶

394 1276 556 1324 nullius
573 1315 584 1333 ,
602 1275 659 1323 ad
678 1275 991 1337 occupationis
1009 1288 1146 1338 genus
1166 1273 1256 1319 haec
1273 1273 1503 1334 acquilitio
1553 1272 1763 1320 ertinebit
1785 1290 1796 1321 ;
1825 1273 1885 1319 fin
1897 1273 2054 1331 aliena,

394 1341 490 1401 jam
508 1337 770 1386 naturaliter
783 1335 913 1383 nobis
930 1336 1033 1383 solis
1050 1351 1150 1381 eam
1169 1351 1260 1382 non
1277 1338 1443 1397 acquiri
1461 1291 1576 1384 infl’a
1590 1336 1840 1400 apparebit.

461 1401 557 1451 IV.
593 1403 669 1449 De
686 1400 984 1463 occupatione
1002 1414 1132 1462 erg0‚
1151 1415 1246 1461 quae
1261 1399 1361 1461 post
1379 1401 1523 1463 prima
1540 1399 1615 1446 illa
1634 1415 1845 1462 tempora
1863 1399 1979 1446 solus
1999 1397 2061 1444 est

395 1465 627 1519 naturalis,
646 1479 701 1510 an
713 1465 760 1509 δέ
776 1463 1042 1526 originarius
1055 1461 1238 1517 modus,
1259 1460 1505 1509 videndum
1517 1461 1577 1509 est
1591 1462 1733 1508 nobis.
1752 1463 1800 1510 In
1818 1464 1888 1509 his
1906 1475 2061 1508 autem

398 1547 493 1593 quae
506 1527 690 1592 proprie
704 1525 861 1572 nullius
878 1524 990 1582 sunt,
1012 1524 1108 1571 duo
1126 1524 1220 1570 sunt
1237 1525 1516 1587 occupabilia
1539 1564 1550 1582 ,
1570 1527 1810 1588 imperium
1844 1527 1892 1572 δε
1909 1523 2064 1570 domi-

399 1594 526 1639 nium
543 1604 760 1653 quatenus
776 1587 834 1634 ab
849 1589 1043 1652 imperio
1061 1585 1361 1650 distinguitur.
1390 1587 1559 1636 Seneca
1575 1592 1637 1635 ita
1658 1590 1749 1635 liaec
1774 1589 1870 1635 duo
1887 1585 2066 1650 expres-

401 1656 456 1703 slt
478 1671 489 1702 ζ
506 1657 529 1684 *
543 1657 613 1698 Ad
626 1672 722 1714 reges
726 1657 887 1712 potestus
908 1657 1076 1697 omnium
1087 1656 1252 1706 pertinet
1273 1686 1283 1701 ‚
1301 1653 1425 1710 adfin
1450 1656 1525 1698 ulos
1540 1657 1767 1713 proprietas.
1802 1651 1931 1698 Dion
1952 1650 1986 1696 P
1990 1665 2064 1695 ru·
2083 1670 2174 1702 0745.
2186 1667 2297 1698 xxxx.

401 1716 565 1766 saeenfis
582 1716 670 1761 hoc
685 1711 832 1762 modo
851 1729 862 1761 ;
881 1713 898 1758 ἦ
926 1712 1038 1771 χῶςοι
1065 1711 1097 1754 ‘1³
1124 1711 1283 1758 m'aem·
1313 1713 1394 1756 alaz(
1409 1672 1489 1757 ὁὲν
1518 1711 1612 1762 οἷῆον
1628 1713 1662 1757 “³1⁸''
1677 1713 1892 1769 κειἿημένων
1904 1713 2063 1758 ἵκεις-Θ

402 1776 531 1833 κύμὸς
545 1781 599 1822 'esu
611 1777 644 1820 ἦ
656 1775 770 1818 {wa-'85
782 1799 793 1821 .·
811 1782 921 1836 Regio
939 1781 1112 1822 civitam
1128 1779 1198 1832 esl:
1218 1793 1261 1821 at
1278 1797 1353 1823 non
1371 1798 1409 1825 eo
1425 1786 1551 1827 minus
1569 1785 1609 1825 in
1625 1797 1667 1822 ea
1678 1784 1795 1838 ficum
1812 1782 1964 1840 quzsque
1978 1781 2064 1838 pos*-

395 1844 509 1904 fidet.
539 1840 784 1901 Imperium
801 1836 912 1885 duas
932 1836 1044 1884 solet
1062 1836 1227 1885 habere
1245 1841 1455 1888 materias
1470 1841 1547 1888 fibi
1568 1840 1845 1902 subjacentes
1864 1877 1876 1896 ,
1895 1841 2068 1902 prima-

402 1905 534 1960 riam,
551 1900 779 1965 personas,
798 1917 893 1962 quae
911 1902 1100 1947 materia
1115 1900 1205 1948 sola
1218 1902 1445 1951 interdum
1463 1903 1639 1960 sufficit,
1653 1917 1702 1950 ut
1720 1905 1764 1948 in
1776 1903 1978 1950 exercitu
1995 1903 2066 1949 vi-

403 1981 562 2013 rorum
580 2000 590 2015 ,
623 1964 862 2010 mulierum
877 2001 887 2019 ,
907 1978 1157 2027 puerorum
1187 1980 1410 2026 quaerente
1428 1983 1570 2015 novas
1595 1965 1720 2014 sedes
1740 1986 1754 2023 3
1789 1967 1837 2012 δε
1853 1964 2068 2012 secunda-

403 2031 532 2084 riam,
553 2027 723 2084 locum,
744 2027 816 2089 qui
829 2027 1110 2073 territorium
1127 2026 1310 2074 dicitur.
1346 2032 1617 2094 anuam
1635 2044 1782 2077 autem
1803 2029 2070 2093 plerumque

404 2107 498 2139 uno
516 2089 615 2138 astu
641 2090 772 2152 quaeri
807 2088 950 2135 solent
967 2090 1209 2149 imperium
1224 2091 1272 2136 &
1288 2090 1545 2140 dominium
1563 2133 1574 2151 ‚
1594 2094 1619 2121 *
1634 2088 1730 2140 sunt
1745 2106 1898 2138 tamen
1917 2089 2070 2137 distin-

405 2154 476 2202 ἃει
495 2169 506 2201 z
535 2152 732 2216 ideoque
762 2150 1019 2199 dominium
1052 2169 1144 2199 non
1166 2154 1210 2199 in
1237 2155 1359 2202 cives
1392 2170 1564 2203 tantum
1588 2193 1599 2213 ,
1616 2155 1692 2203 sed
1709 2156 1818 2203 &in
1832 2168 2073 2200 extraneos

407 2215 574 2272 transit,
591 2227 797 2262 manente
813 2230 948 2278 penes
962 2231 1094 2278 quem
1111 2213 1200 2262 fuit
1215 2218 1427 2281 imperio.
1443 2219 1617 2267 Siculus
1632 2217 1753 2265 libro
1770 2216 1828 2263 de
1841 2216 2070 2263 conditio-

408 2280 538 2327 nibus
547 2293 762 2342 agrorum
782 2293 793 2324 ;
810 2283 997 2325 Ακῐίονες
1029 2280 1281 2340 affignationis
1301 2318 1313 2335 ‚
1331 2284 1685 2345 divifimzsque,non
1687 2282 1959 2342 sufficientibus
1971 2283 2072 2337 agris

410 2345 649 2390 coloniarum,
669 2361 758 2403 quos
775 2359 820 2387 ex
835 2345 977 2386 vicinis
996 2345 1434 2405 territoriifsumstffint,
1454 2345 1742 2407 assignaverunt
1761 2345 1913 2404 quidem
1920 2345 2072 2403 futuris

412 2407 560 2450 civibus
575 2406 801 2449 coloniarum
821 2418 833 2450 ζ
867 2407 938 2449 Sed
938 2404 1156 2463 jurisdic'z‘io
1171 2409 1214 2450 in
1227 2411 1329 2464 agris
1377 2413 1419 2450 ui
1431 2408 1705 2469 affignatisunt
1717 2421 1822 2466 penes
1837 2423 1893 2449 eos
1906 2422 2065 2448 reman-

404 2467 471 2528 fit‚
489 2483 533 2511 ex
545 2483 706 2527 quorum
723 2472 914 2511 territorio
919 2469 1048 2525 fiemti
1053 2469 1162 2525 sunt.
1183 2465 1343 2514 Demo
1381 2467 1522 2516 henes
1553 2471 1762 2516 oratione
1788 2465 1846 2511 de
1863 2463 2069 2510 Halone-

412 2526 483 2580 so,
508 2540 644 2591 agros
674 2528 748 2589 qui
759 2542 918 2574 eorum
935 2525 1033 2574 sunt
1052 2542 1246 2590 quorum
1271 2530 1331 2577 est
1344 2533 1625 2579 territorium
1644 2570 1656 2589 ‚
1672 2542 1807 2578 vocat
1834 2526 2071 2583 ἔγκτιίμοιὲι,

415 2591 493 2653 qui
510 2591 554 2636 in
571 2588 716 2635 alieno
733 2586 913 2644 κτήμαῖςι.

484 2651 545 2698 V.
581 2649 631 2697 In
647 2651 754 2698 loco
772 2667 923 2699 autem
939 2654 1064 2712 eujus
1081 2652 1320 2716 imperium
1347 2653 1441 2714 jam
1462 2667 1730 2718 occupatum
1745 2653 1806 2700 est
1821 2691 1833 2709 ‚
1848 2657 1915 2713 jus
1933 2667 2082 2700 occu-r

416 2713 552 2779 pandi
571 2728 641 2760 res
651 2713 844 2762 mobiles
855 2718 1073 2763 anteverti
1093 2716 1215 2778 pofl'e
1232 2717 1333 2780 lege
1351 2717 1471 2764 civili
1490 2716 1617 2780 supra
1634 2717 1847 2763 diximus.
1864 2714 1935 2762 Est
1951 2717 2073 2761 enim

417 2780 509 2824 hoe
526 2778 594 2835 jus
605 2790 663 2822 ex
681 2780 776 2836 jure
791 2793 955 2825 naturae
968 2781 1259 2842 permittente
1279 2816 1290 2834 ‚
1311 2795 1401 2825 non
1423 2781 1701 2843 praecipiente
1719 2817 1730 2833 ,
1746 2792 1796 2824 ut
1813 2777 1943 2823 liceat
1960 2777 2075 2823 semu

418 2855 511 2903 per.
524 2839 692 2899 Neque
711 2840 884 2886 enimid
903 2842 1090 2903 requirit
1108 2841 1302 2887 humana
1316 2840 1520 2889 societas.
1553 2841 1693 2904 Qod
1719 2839 1746 2885 si
1763 2841 1859 2901 quis
1876 2839 1994 2886 dicat
2008 2842 2074 2886 vi-

419 2902 518 2949 deri
532 2903 600 2962 jus
612 2903 815 2964 gentium
830 2903 930 2960 elle,
949 2920 998 2949 ut
1014 2903 1063 2949 id
1079 2903 1214 2949 liceat
1232 2922 1246 2958 3
1261 2902 1546 2966 respondebo
1568 2902 1735 2951 etiamst
1755 2904 1798 2948 in
1815 2902 1959 2963 aliqua
1967 2917 2070 2963 par-

419 2978 467 3011 te
482 2965 608 3012 orbis
626 2964 673 3010 id
690 2968 992 3012 communiter
1007 2968 1070 3012 ita
1087 2980 1319 3027 receptum
1350 2966 1401 3012 fit
1416 3005 1428 3023 ,
1443 2982 1518 3013 aut
1536 2967 1672 3013 fuerit
1690 3003 1701 3020 ‚
1722 2980 1811 3013 non
1829 2978 1977 3010 tamen
1995 2963 2075 3008 ha-

422 3027 530 3074 bere
543 3028 635 3075 vim
658 3024 773 3089 pasti
787 3028 902 3074 inter
917 3043 1073 3090 gentes
1094 3065 1106 3083 ,
1126 3027 1202 3074 sed
1219 3026 1304 3073 effe
1324 3028 1395 3087 jus
1414 3030 1546 3076 civile
1562 3029 1752 3092 plurium
1770 3027 1969 3088 gentium
1986 3023 2074 3069 dis-

421 3088 629 3139 tributim
644 3126 655 3144 ,
669 3087 797 3149 quod
815 3091 840 3133 a
866 3089 1044 3151 lingulis
1058 3089 1158 3135 tolli
1172 3089 1330 3153 potest.
1364 3090 1424 3137 Et
1457 3092 1546 3137 alia
1565 3089 1704 3137 multa
1738 3087 1832 3134 sunt
1862 3103 1954 3147 quae
1970 3086 2079 3142 juris

421 3151 628 3215 gentium
647 3162 814 3196 vocant
831 3149 1129 3201 Iurilconlulti
1149 3189 1162 3208 ,
1175 3150 1252 3198 ubi
1269 3150 1328 3198 de
1344 3169 1494 3200 rerum
1513 3152 1726 3201 divisione
1743 3150 1789 3195 δι’
1804 3147 2078 3211 acquirendo

424 3212 635 3261 dominio
652 3212 813 3274 agitur.

491 3272 532 3323 V
546 3273 584 3323 Ῑ·
604 3271 879 3322 Notandum
896 3275 944 3324 &
962 3274 1053 3322 1²00
1071 3314 1084 3334 2
1102 3274 1136 3326 fi
1155 3275 1298 3324 solum
1311 3276 1382 3337 jus
1404 3275 1604 3326 naturale
1634 3273 1878 3339 spectamus
1896 3311 1906 3331 ,
1925 3271 2078 3340 domi-

1949 3349 2071 3380 nium

385 529 477 680 S
495 522 692 590 Iugulari
708 523 805 582 jure
820 517 988 582 aliquid
1002 515 1202 562 nostrum
1234 514 1282 560 fit
1300 513 1593 575 acquisitione
1625 516 1864 579 originaria
1883 530 1957 564 aut
1973 517 2055 571 de-
