2380 3917
452 346 525 394 588
869 338 1721 378 D151VREBELL1

451 415 509 462 ab
526 413 651 460 initio
669 423 744 458 aut
764 409 917 473 postea
937 424 1030 472 quo
1045 408 1188 455 laxius
1204 406 1605 460 haberetur‚fidem
1623 404 1823 455 dederit.
1841 407 2025 471 Alioqui
2044 411 2116 458 vi-

451 477 585 523 detur
603 491 692 520 non
719 475 756 519 is
775 474 951 518 animus
985 469 1110 518 fuisse
1136 469 1338 516 civitatis
1360 467 1595 533 obligandi
1610 471 1758 517 civem
1788 487 1843 518 ne
1859 470 2114 532 aufugeret,

453 540 530 587 sed
547 537 661 583 hosti
680 535 815 582 dandi
834 534 1095 581 facultatem
1148 532 1258 578 ualis
1274 530 1411 578 vellet
1425 531 1651 579 custodiae.
1672 533 1731 579 Et
1750 532 1808 580 fic
1823 523 2009 581 defendi
2027 551 2115 597 po-

453 602 534 649 test
552 599 725 647 Cloeliae
742 596 926 643 faetum.
958 595 1051 642 Sed
1069 611 1114 642 et
1133 613 1147 641 ι
1164 593 1253 658 ipsa
1271 593 1378 640 nihil
1395 609 1678 654 peccaverat,
1698 596 1853 643 civitas
1873 610 2024 644 tamen
2042 613 2116 644 re-

220 685 415 725 L,·„.,2,·b,11,
450 667 599 729 cipere
616 663 663 707 &
679 661 876 707 retinere
888 658 1096 705 obfidcm
1114 675 1205 705 non
1218 671 1415 721 poterat.
1451 656 1528 704 Sic
1545 655 1771 704 Porsenna
1791 674 1804 706 ε
1840 665 1878 703 Si
1899 679 1972 706 non
1995 664 2118 707 deda-

454 744 520 773 tur
533 730 629 785 obses
642 741 709 786 pro
723 739 832 784 rupto
842 727 877 783 s
869 744 887 768 e
891 726 1011 785 fedm
1024 724 1269 767 habiturum.
1305 718 1491 768 Deinde
1507 736 1520 770 ε
1547 728 1718 767 Romani
1725 727 1862 783 pignus
1877 727 1982 783 pacis
1996 743 2041 770 ex
2047 728 2116 785 fe-

452 794 539 835 dere
553 792 811 842 restituerunt.

519 849 634 898 LV.
668 845 849 896 Odiosa
864 860 1016 892 autem
1033 845 1096 893 est
1105 845 1316 894 obsidum
1332 844 1426 893 obli
1461 845 1572 901 atio,
1590 857 1689 892 tum
1703 846 1810 907 quia
1822 844 2018 895 libertati
2032 849 2117 896 ini-

454 914 571 960 mica
586 950 595 962 ‚
610 926 706 957 tum
727 911 830 970 quia
846 924 903 955 ex
917 907 1040 955 facto
1055 909 1204 956 alieno
1215 908 1354 955 venit.
1388 908 1409 955 1
1444 923 1596 970 eoque
1622 907 1768 955 strista
1795 909 2115 971 interpretatio

452 978 524 1022 hic
542 977 695 1021 locum
709 973 861 1019 habet.
894 987 1035 1033 quare
1063 973 1108 1018 in
1125 988 1260 1018 uuam
1278 970 1455 1018 causam
1472 970 1568 1017 dati
1596 972 1642 1016 in
1675 972 1807 1018 aliam
1825 974 2008 1019 retineri
2022 989 2115 1020 non

450 1052 662 1101 poterunt
681 1074 692 1092 ,
725 1033 854 1096 quod
871 1035 934 1080 ita
965 1035 1166 1099 intellige
1190 1035 1218 1081 fi
1237 1033 1357 1081 aliud
1375 1032 1485 1097 quid
1511 1033 1598 1081 fine
1627 1032 1836 1081 obsidum
1862 1035 2118 1083 acceffione

449 1098 710 1163 promiss'um
727 1098 796 1144 fit.
831 1096 893 1143 At
918 1095 1010 1142 siin
1039 1097 1127 1145 alia
1141 1096 1269 1144 causa
1283 1096 1396 1144 fides
1410 1099 1505 1156 jam
1533 1095 1706 1143 violata
1722 1096 1774 1143 fit
1793 1135 1805 1153 ,
1840 1113 1918 1145 aut
1932 1114 2118 1146 contra·

450 1163 573 1209 &um
591 1160 813 1216 debitum,
833 1161 924 1218 jam
975 1162 1113 1207 oterit
1131 1160 1262 1207 obses
1279 1161 1478 1215 retineri,
1495 1175 1585 1205 non
1602 1174 1653 1206 ut
1668 1158 1799 1206 obses
1813 1198 1825 1217 ,
1845 1159 1921 1207 sed
1933 1177 1993 1208 eo
2004 1176 2116 1225 gen-

451 1228 564 1273 tium
591 1227 689 1284 jure
722 1238 816 1286 quo
847 1174 1009 1268 subditi
1024 1239 1081 1270 ex
1098 1222 1220 1270 faeie
1237 1223 1556 1284 imperantium
1571 1221 1764 1269 detineri
1780 1222 1957 1285 possunt
1977 1262 1988 1280 ,
2023 1227 2118 1264 κατ’

217 1311 288 1346 1210
298 1310 393 1355 ffipm
449 1283 728 1343 οἱνὴοληκῖλοως
772 1284 898 1348 quod
914 1283 1059 1348 ipsum
1073 1300 1221 1334 tamen
1236 1300 1291 1332 ne
1309 1286 1386 1333 fiat
1403 1285 1552 1332 caveri
1570 1286 1742 1347 poterit
1754 1321 1765 1336 ‚
1785 1284 1967 1345 adjecto
1977 1286 2117 1349 paeto

220 1367 251 1393 1·
270 1371 305 1391 v·
325 1366 360 1392 ιι
371 1366 401 1392 1·
448 1353 505 1399 de
518 1349 763 1397 reddendis
776 1346 1007 1395 obsidibus
1019 1347 1095 1396 ubi
1107 1349 1155 1395 id
1167 1349 1294 1408 cujus
1307 1349 1497 1396 nomine
1511 1346 1747 1396 datierunt
1759 1348 1995 1410 impletum
2007 1350 2116 1396 erit.

216 1417 245 1440 ‘·
262 1413 314 1440 ¹¹·
516 1413 556 1460 L
572 1414 614 1463 V
632 1413 664 1459 1.
705 1412 796 1475 Q
809 1410 940 1458 obses
955 1411 1088 1458 datus
1104 1410 1165 1457 est
1182 1425 1354 1458 tantum
1371 1425 1423 1459 ut
1437 1411 1875 1474 alterumcaptivum
1893 1447 1904 1462 ,
1934 1427 2012 1459 aut
2027 1411 2117 1459 ob-

450 1476 588 1523 fidem
614 1473 807 1521 redimat
826 1513 838 1530 ‚
866 1489 924 1520 eo
941 1489 1131 1521 mortuo
1148 1474 1380 1521 liberatur.
1416 1490 1520 1521 nam
1543 1474 1590 1521 in
1606 1474 1688 1521 illo
1703 1474 1816 1520 dum
1834 1477 2031 1521 moritur
2045 1478 2116 1534 jus

448 1540 646 1603 pignoris
659 1535 918 1583 exstinctum
935 1537 1012 1591 est,
1033 1538 1140 1583 utin
1158 1538 1342 1600 captivo
1360 1536 1571 1584 redemto
1589 1536 1704 1584 dixit
1720 1535 1950 1600 leianus.
1975 1552 2116 1600 quare

215 1624 254 1656 1„
265 1622 406 1668 fipam,
447 1604 554 1649 sicut
583 1603 630 1647 in
649 1599 823 1664 leiani
840 1598 1078 1661 quaestione
1108 1601 1305 1662 pretium
1329 1616 1420 1646 non
1446 1599 1645 1646 debetur
1662 1637 1674 1656 ,
1700 1599 1830 1663 quod
1854 1600 1900 1646 in
1917 1599 2116 1662 personae

215 1671 303 1706 Dae
319 1680 404 1716 capt·
444 1666 597 1712 locum
616 1660 814 1709 successit
830 1699 838 1713 ‚
854 1664 916 1708 ita
932 1678 1013 1708 nec
1031 1662 1104 1708 hic
1124 1662 1310 1725 persona
1323 1662 1520 1710 manebit
1538 1662 1742 1726 obligata
1760 1700 1772 1719 ,
1803 1679 1897 1725 quae
1913 1662 2114 1725 personae

448 1728 613 1774 vicaria
638 1724 755 1772 faita
772 1724 848 1771 est.
886 1723 961 1770 Sic
984 1724 1250 1771 Demetrius
1277 1728 1304 1770 {1
1323 1723 1490 1773 Senatu
1507 1724 1726 1771 Romano
1743 1740 1836 1770 non
1856 1726 2011 1788 inique
2032 1742 2117 1788 po-

446 1789 634 1838 stulabat
667 1788 862 1842 dimitti,
891 1785 936 1834 ἇις
952 1786 1109 1840 Ανῖιόκε
1123 1781 1190 1843 pil«)
1202 1784 1393 1835 οἰνῖιδὶθὲς
1408 1821 1420 1839 ,
1440 1785 1599 1843 Αιῖιόχε
1616 1787 1637 1842 '2'
1653 1786 1911 1837 XmJuvo‘rr&
1930 1816 1942 1834 2
1969 1789 2116 1850 inquit

217 1869 293 1910 syr.
311 1868 380 1905 tib.
449 1854 674 1915 Appiauus
694 1866 705 1896 :
740 1850 923 1897 Iustinus
941 1867 998 1896 ex
1015 1850 1184 1913 Trogo
1205 1868 1218 1900 t
1250 1859 1486 1901 Demetrius,
1510 1858 1579 1913 qui
1595 1853 1692 1909 obses
1707 1860 1824 1895 Roma
1836 1867 1920 1896 erat
1939 1885 1950 1900 ‚
1967 1856 2116 1912 cognita

216 1925 353 1951 ¹¹¹¹V·
447 1931 566 1962 morte
579 1917 767 1960 Antiochi
777 1915 913 1971 fratria
926 1917 1107 1971 senatum
1118 1917 1223 1960 adiit
1242 1951 1254 1969 ‚
1285 1915 1519 1974 obsidemque
1522 1917 1570 1972 se
1585 1912 1603 1971 (
1618 1911 1774 1958 malim
1789 1911 1940 1974 legere
1957 1915 2116 1974 obsidem

451 1984 626 2038 inquiens
633 1979 687 2034 fi,
708 1989 757 2020 ut
774 1975 997 2021 cohaeteat
1014 1976 1191 2035 oratio)
1204 1983 1302 2021 vivo
1312 1977 1438 2034 fi‘atre
1454 1978 1593 2036 veniffie
1604 2008 1615 2024 ‚
1645 1992 1718 2035 quo
1729 1990 1881 2020 mortuo
1894 1981 2001 2035 cujus
2015 1978 2115 2035 obses

442 2043 495 2101 fit
510 2041 694 2097 ijgnorare.

220 2116 257 2147 L.
286 2120 342 2153 ιι,
355 2125 384 2148 c.
517 2101 557 2146 L
577 2098 617 2146 V
635 2098 654 2144 I
673 2098 704 2144 I.
743 2097 871 2160 Rege
889 2110 1042 2145 autem
1074 2101 1148 2162 qui
1169 2098 1302 2145 fedus
1320 2097 1428 2144 fecit
1458 2112 1645 2146 mortuo
1674 2115 1728 2145 an
1744 2112 1947 2146 teneatur
1965 2097 2113 2146 adhuc

217 2171 262 2195 Χῖ·
274 2160 401 2203 ¹5⁴3·
453 2162 598 2217 obses,
622 2161 788 2223 pendet
803 2162 858 2207 ab
876 2175 934 2206 eo
952 2161 1079 2222 quod
1092 2162 1198 2209 alibi
1219 2160 1522 2217 tractavimus,
1544 2178 1600 2208 an
1617 2159 1766 2208 foedus
1782 2160 2038 2208 habendum
2059 2160 2112 2208 fit

452 2224 684 2289 personale
712 2240 766 2269 an
786 2223 919 2271 reale.
954 2239 1058 2270 nam
1084 2224 1322 2271 accessoria
1338 2240 1428 2270 non
1440 2224 1613 2285 possunt
1632 2223 1812 2270 efficere
1825 2223 1934 2269 utin
1949 2225 2113 2286 princi-

450 2290 616 2351 palium
633 2288 1004 2347 interpretatione
1018 2290 1046 2334 a
1062 2287 1216 2351 regula
1243 2284 1497 2333 recedatur.
1529 2287 1625 2348 ejus
1652 2301 1807 2333 autem
1842 2299 2046 2333 naturam
2061 2288 2112 2334 &

450 2352 540 2415 ipsa
559 2350 676 2411 sequi
694 2348 879 2395 debent.

518 2413 557 2459 L
571 2412 612 2457 V
631 2411 649 2456 Ι
668 2411 686 2456 Ι
705 2411 740 2457 Ι.
777 2411 948 2459 Obiter
976 2413 1067 2458 hoc
1096 2409 1353 2458 addendum
1373 2410 1434 2458 est
1449 2449 1459 2467 ‚
1492 2410 1669 2459 obfides
1681 2411 1908 2458 interdum
1926 2427 2016 2458 uon
2033 2426 2108 2458 ac-

448 2475 690 2523 cessionem
709 2472 793 2519 esse
813 2474 908 2520 obli
945 2475 1124 2530 ationis,
1141 2473 1218 2521 sed
1236 2489 1390 2521 revera
1407 2488 1583 2536 partem
1602 2475 1894 2538 principalem
1909 2510 1919 2524 ‚
1941 2489 1990 2521 ut
2003 2490 2109 2523 cum

451 2541 548 2598 quis
568 2554 624 2584 ex
640 2535 874 2582 contrastu
892 2491 1060 2584 fictum
1079 2538 1306 2600 promittit
1323 2554 1413 2583 non
1432 2537 1553 2583 suum
1571 2575 1583 2591 ,
1613 2539 1663 2583 δε
1690 2539 1794 2599 quia
1812 2552 1870 2585 eo
1888 2552 1979 2583 non
1997 2552 2108 2598 prae-

453 2603 556 2646 stito
578 2613 753 2645 tenetur
771 2598 891 2644 adid
908 2599 1034 2660 quod
1047 2600 1238 2649 interest,
1256 2600 1351 2656 ejus
1368 2601 1464 2647 vice
1481 2599 1660 2647 obfides
1673 2600 1947 2661 obligantur,
1968 2615 2104 2661 quam

223 2693 260 2725 7¹·
287 2700 342 2730 Π,
358 2704 388 2722 c,
454 2663 577 2708 fuiss'e
594 2661 735 2706 videri
751 2661 1012 2708 sententiam
1032 2661 1248 2709 Caudinae
1266 2661 1505 2724 sponsionis
1516 2663 1715 2710 diximus
1724 2663 1845 2709 alibi.
1860 2661 1977 2710 Non
1993 2661 2109 2708 dura

223 2750 283 2777 xv,
298 2746 329 2772 τ.
356 2739 409 2770 18.
454 2740 648 2777 tantum,
670 2723 743 2768 sed
759 2725 964 2786 &iniqua
981 2724 1042 2770 est
1063 2723 1272 2771 sententia
1283 2724 1650 2782 existimantium,
1669 2724 1847 2774 obfides
1863 2727 2003 2773 etiam
2018 2723 2106 2771 fine

224 2786 409 2819 eim-‘3⁸0‘-
453 2786 661 2833 consensu
680 2785 756 2830 {iio
776 2785 964 2832 alterum
983 2802 1039 2832 ex
1055 2785 1177 2833 faCko
1189 2787 1370 2835 alterius
1382 2787 1504 2850 posse
1519 2788 1734 2848 obligari.

223 2835 245 2865 ⁶
265 2841 359 2875 ¹¹’⁶·
381 2841 433 2872 ¹⁹·
517 2848 557 2894 L
576 2850 593 2894 1
612 2848 677 2894 X.
705 2847 899 2911 Pignora
913 2848 1115 2909 quaedarn
1131 2852 1390 2897 communia
1402 2851 1569 2898 habent
1586 2841 1690 2897 cum
1708 2847 1939 2896 obsidibus
1955 2888 1968 2906 ,
1988 2866 2108 2912 quae-

451 2912 560 2957 dam
587 2912 785 2972 propria.
821 2909 1084 2957 Commune
1103 2951 1113 2968 ,
1142 2912 1266 2975 quod
1296 2915 1344 2958 δε
1361 2930 1417 2960 ex
1433 2915 1523 2960 alio
1540 2915 1632 2974 jam
1661 2911 1822 2958 debito
1841 2913 2104 2969 retinentur,

452 2974 525 3020 nifi
544 2973 689 3019 obstet
708 2973 813 3018 data
829 2973 962 3020 fides:
987 2977 1215 3037 proprium
1235 2975 1358 3036 quod
1376 2993 1471 3038 quae
1487 2976 1546 3022 de
1558 2978 1611 3022 iis
1622 2974 1682 3021 est
1698 2973 1851 3036 pacilio
1869 3013 1880 3030 ‚
1901 2991 1992 3021 non
2009 2989 2105 3021 tam

453 3037 597 3083 strieie
614 3037 799 3080 sumitur
815 3074 825 3089 ,
845 3052 979 3096 quam
996 3037 1067 3083 illa
1096 3037 1425 3087 deobfidibus:
1459 3054 1606 3101 neque
1633 3039 1752 3083 enim
1772 3037 1936 3099 aequale
1964 3036 2026 3085 est
2041 3052 2098 3084 o-

455 3100 597 3144 dium.
632 3098 722 3143 Res
737 3099 856 3142 enim
874 3114 978 3144 natae
999 3097 1092 3145 sunt
1104 3116 1152 3147 ut
1170 3115 1417 3152 teneantur.
1433 3118 1522 3147 non
1540 3103 1588 3146 &
1606 3101 1825 3146 homines.

230 3185 295 3217 Μ,
318 3195 367 3220 11,
384 3198 415 3216 c.
522 3162 560 3207 Ι,
578 3162 640 3207 Χ.
685 3159 797 3205 lllud
814 3159 912 3206 alibi
928 3177 1107 3222 quoque
1118 3164 1329 3214 diximus,
1346 3163 1516 3209 nullum
1528 3177 1708 3224 tempus
1723 3161 1771 3207 id
1786 3160 1966 3208 efficere
1979 3160 2100 3225 posse

235 3240 284 3265 xv.
307 3239 336 3269 τ.
360 3243 408 3275 ¹7-
459 3241 510 3269 ne
527 3226 652 3270 luirio
673 3225 722 3269 fit
752 3225 950 3283 pignoris
978 3224 1006 3269 si
1033 3225 1077 3271 id
1098 3225 1321 3288 praessetur
1339 3241 1424 3284 pro
1446 3227 1710 3287 quopignus
1734 3223 2009 3286 suppositum
2025 3223 2104 3270 est.

458 3287 580 3332 Nam
600 3289 669 3348 qui
692 3285 809 3330 aetus
826 3285 994 3331 causam
1015 3303 1214 3334 veterem
1235 3289 1281 3331 δε
1301 3300 1458 3333 notam
1474 3286 1720 3337 habet,non
1735 3286 1934 3333 creditur
1945 3301 2004 3332 ex
2021 3302 2104 3332 no-

455 3367 509 3396 va
526 3349 785 3411 procedere.
825 3347 936 3394 Ideo
950 3352 1162 3412 patientia
1178 3348 1401 3397 debitoris
1420 3351 1562 3398 veteri
1577 3347 1824 3398 contraCtui
1834 3364 1927 3396 non
1940 3347 2103 3456 dardi·-

2005 3424 2097 3456 lom
