2475 3854
808 229 1742 276 „cunctatrssrn
2044 239 2118 282 279

451 299 555 342 Satis
570 312 726 343 cautum
738 310 823 341 erat
837 298 1051 355 Saguntinis
1070 329 1081 348 ‚
1094 295 1202 352 sociis
1217 311 1468 357 utrorumque
1487 300 1652 356 exceptis.
1685 314 1778 341 nam
1794 312 1910 358 neque
1928 297 2112 341 additum
2135 291 2203 328 Lib.
2222 299 2304 328 ¹1¹-

447 374 533 403 erat
550 363 596 403 iis
609 365 675 421 qui
692 375 783 403 tunc
796 359 919 416 efflent,
936 354 962 382 *
976 373 1040 402 nec
1057 389 1068 405 ‚
1087 373 1134 400 ne
1149 361 1216 416 qui
1226 359 1349 417 postea
1365 360 1650 416 affirmerentur.
1684 360 1734 412 &³
1748 376 1832 403 cum
1847 360 2027 418 affumere
2042 376 2113 402 no-

448 438 519 464 vos
534 422 658 465 liceret
658 422 772 477 fhcios
801 455 813 474 ,
831 423 919 479 quis
932 435 1074 480 equum
1089 420 1258 477 confieret,
1273 433 1343 464 ant
1359 422 1402 464 ob
1418 422 1524 465 nulla
1536 437 1749 481 quenquam
1764 425 1904 465 merita
1917 425 1957 466 in
1970 424 2108 465 amici..

447 486 549 526 tiam
563 486 696 541 recipi,
715 494 786 525 aut
804 495 958 540 receptos
973 486 1014 524 in
1027 480 1142 532 fidem
1157 497 1231 525 non
1248 481 1401 539 defendi
1419 518 1430 537 ‚
1468 496 1625 525 tantum
1647 499 1691 527 ne
1726 483 2126 542 Carthaginiensium,

438 544 533 601 sbcii
557 578 570 597 ,
588 557 659 588 aut
666 544 968 601 sollicitarentur
986 542 1040 586 ad
1054 542 1296 602 defifiiomm
1313 578 1324 596 ,
1341 558 1410 586 aut
1432 545 1512 601 fita
1520 542 1649 603 sponte
1664 543 1894 602 desiisrentes
1905 550 2112 604 reciperen-

445 618 515 648 tur
531 615 548 647 ,τ
584 604 695 666 Qae
712 600 856 648 ferme
873 601 931 648 ad
950 599 1137 649 verbum
1150 599 1208 646 de
1227 601 1422 663 Polybio
1441 601 1582 649 sumta
1609 619 1804 666 apparet.
1841 603 1970 669 Qd
1986 603 2110 650 dice·
2129 625 2208 673 Hm,
2224 626 2341 666 Lur-

445 665 580 712 mus?
617 665 738 728 Qu
757 663 944 711 verbum
958 661 1186 709 sociorum
1202 665 1250 710 δέ
1265 664 1457 712 strietam
1470 664 1591 711 illam
1605 664 1663 711 de
1676 667 1728 713 iis
1742 667 1818 729 qui
1835 681 1960 713 erant
1979 665 2110 713 fede-

414 766 416 769 ,
446 727 509 774 ris
524 741 734 790 tempore
753 764 766 782 ‚
785 728 835 771 &
851 725 1121 788 ampliorem
1137 725 1323 774 alteram
1347 726 1709 790 fignificationem
1744 745 1839 790 quae
1862 728 1917 776 ad
1930 728 2109 777 futuros

446 805 630 851 quoque
646 789 893 853 porrigitur
917 826 928 845 ,
949 789 1146 851 recipere
1161 787 1298 849 possit
1313 787 1429 836 salva
1441 790 1616 851 ratione
1633 790 1741 836 reclei
1756 791 1973 838 sermonis
1992 829 2004 848 ,
2023 791 2110 838 du-

444 851 681 899 bitandum
704 854 795 897 non
813 850 891 897 est.
927 849 1042 897 Vtra
1058 864 1174 914 ergo
1191 850 1468 914 praeferenda
1484 850 1536 898 fit
1548 853 1861 915 interpretatio
1875 890 1885 905 ‚
1899 869 1957 900 ex
1974 868 2110 917 regu-

443 913 499 962 lis
513 929 614 961 ante
630 912 808 961 traditis
824 914 910 959 erit
928 910 1173 959 videndum
1189 929 1200 959 :
1222 911 1459 960 secundum
1475 930 1585 976 quas
1597 913 1802 971 dicimus,
1819 915 1996 962 futuros
2015 932 2107 962 non

443 974 789 1039 comprehendi,
807 977 912 1037 quia
930 975 1078 1038 agitur
1093 973 1151 1021 de
1168 973 1324 1022 federe
1341 975 1596 1039 rumpendo
1617 1014 1628 1033 ,
1654 993 1748 1039 quae
1761 977 1916 1024 odiosa
1932 978 1991 1024 est
2008 994 2107 1028 ma-

444 1040 558 1087 teria
574 1055 583 1085 :
604 1040 653 1084 δι’
669 1038 728 1085 de
739 1036 982 1084 adimenda
1000 1034 1441 1100 Carthaginiensibus
1457 1037 1679 1097 libertate,
1702 1055 1784 1086 eos
1800 1042 1875 1102 qui
1892 1042 2100 1101 injuriam

442 1101 543 1165 ipfis
560 1099 707 1148 feciffe
725 1099 1032 1155 crederentur,
1050 1101 1186 1146 armis
1205 1100 1397 1164 cogendi
1416 1100 1469 1157 3*
1482 1116 1576 1162 qua>
1592 1100 1777 1149 libertas
1792 1103 1851 1150 est
1869 1104 2098 1160 naturalis,

442 1180 526 1212 nec
540 1178 712 1210 temere
729 1162 937 1210 abdicata
957 1160 1175 1209 censetur.
1214 1163 1338 1225 Ergo
1355 1162 1577 1210 Romanis
1607 1164 1900 1212 adsciscerem
1916 1164 2102 1211 societa-

443 1240 540 1274 tem
557 1225 829 1290 Saguntinos
848 1263 859 1281 ,
877 1238 954 1271 aut
971 1223 1167 1271 adscitos
1186 1224 1432 1271 defendere
1441 1241 1532 1271 non
1549 1225 1675 1272 licuit
1688 1239 1704 1272 ?
1717 1226 1819 1273 Imo
1836 1242 1944 1273 vero
1963 1226 2102 1283 licuit,

442 1291 536 1337 non
550 1303 608 1335 ex
625 1290 670 1336 vi
687 1286 871 1342 federis,
890 1286 967 1333 sed
983 1303 1041 1334 ex
1053 1288 1155 1348 jure
1174 1287 1376 1343 naturali,
1390 1288 1514 1350 quod
1527 1287 1682 1335 federe
1699 1304 1787 1335 non
1805 1303 1901 1335 erat
1917 1288 2104 1335 abdica-

442 1366 542 1399 tum
560 1368 572 1400 :
592 1352 658 1398 ita
676 1366 724 1398 ut
744 1348 978 1413 Saguntini
992 1349 1111 1413 apud
1139 1351 1354 1413 utrosque
1369 1365 1427 1397 eo
1443 1349 1577 1397 essent
1598 1351 1706 1398 loco
1723 1390 1734 1408 ‚
1771 1350 1887 1414 quasi
1922 1351 2028 1397 nihil
2043 1351 2103 1397 de

440 1414 572 1462 sociis
581 1414 854 1461 conveniffet
878 1427 889 1459 ε
906 1428 997 1474 quo
1012 1412 1112 1459 casu
1127 1428 1209 1460 nec
1236 1412 1626 1475 Carthaginienses
1641 1427 1797 1461 contra
1832 1412 1963 1462 fedus
1977 1426 2102 1459 erant

441 1477 616 1530 faffiui,
635 1476 664 1522 fi
685 1477 729 1523 in
749 1475 1018 1538 Saguntinos
1032 1491 1156 1522 arma
1168 1490 1405 1522 moverent
1450 1491 1512 1522 uae
1533 1474 1640 1533 justa
1659 1475 2000 1527 arbitrarentur,
2021 1490 2103 1522 nec

440 1539 643 1588 Romani
663 1537 690 1585 fi
711 1553 792 1584 eos
806 1535 1119 1584 defenderent.
1154 1536 1286 1585 Plane
1305 1492 1593 1598 ficuthyrrhi
1616 1552 1823 1600 tempore
1853 1539 1966 1584 inter
1985 1534 2103 1583 Car·
2257 1586 2262 1593 ¹

440 1600 740 1666 thaginienses
754 1602 800 1646 δε
817 1600 1056 1647 Romanos
1085 1615 1358 1647 convenerat
1374 1638 1385 1657 ‚
1404 1615 1453 1647 ut
1466 1599 1495 1646 fi
1514 1614 1673 1646 eorum
1700 1600 1972 1664 populorum
1990 1599 2100 1645 alter
2118 1585 2300 1670 ‘'⁰¹41‘'‘l’st'

440 1681 547 1712 cum
567 1663 742 1723 Pyrrho
761 1661 892 1710 fedus
909 1661 1079 1709 faceret
1093 1702 1104 1719 ‚
1141 1663 1205 1710 ita
1234 1661 1402 1710 faceret
1430 1669 1478 1709 ut
1507 1663 1575 1722 jus
1607 1664 1766 1710 auxilia
1797 1661 2008 1709 mittendi
2041 1663 2098 1717 ei,
2126 1646 2139 1672 ¹
2193 1659 2201 1668 ⁸

440 1742 577 1789 quem
594 1725 791 1787 Pyrrhus
807 1724 927 1773 bello
945 1726 1214 1789 impeteret·,
1233 1724 1402 1772 salvum
1431 1740 1650 1774 maneret.
1685 1725 1797 1772 Non
1815 1725 1923 1771 dico
1942 1723 2101 1779 iustum

439 1791 646 1849 utrinque
663 1787 831 1834 bellum
848 1787 931 1834 este
947 1788 1136 1850 potuisse
1153 1812 1165 1834 .·
1198 1787 1277 1834 sed
1310 1791 1335 1817 *
1369 1803 1487 1852 nego
1504 1788 1756 1849 pertinuisse
1780 1788 1869 1833 hoc
1895 1786 2099 1836 adsede-

439 1854 500 1900 ris
512 1850 835 1899 violationem:
887 1850 1099 1896 uomodo
1119 1852 1164 1896 in
1181 1850 1416 1911 quaestione
1433 1849 1492 1895 de
1510 1850 1675 1896 auxilio
1694 1850 1977 1897 Mamertinis
1996 1846 2098 1893 mis-

439 1914 491 1963 so
509 1917 533 1961 {1
553 1912 773 1960 Romanis
792 1866 1025 1975 diffinguit
1042 1911 1257 1973 Polybius
1277 1950 1288 1967 ,
1303 1928 1357 1958 an
1376 1911 1532 1972 justum
1553 1911 1597 1957 id
1618 1911 1754 1957 fuerit
1774 1950 1783 1965 ‚
1805 1914 1852 1957 &
1866 1928 1918 1957 an
1938 1926 2016 1974 per
2032 1909 2098 1956 fe·
2114 1925 2205 1960 Libro
2218 1934 2249 1962 1.

437 1976 524 2025 dus
541 1977 739 2023 licuerit.
756 1975 814 2021 Et
833 1976 923 2021 hoc
940 1973 1081 2037 ipsum
1098 1975 1159 2021 est
1171 1974 1296 2037 quod
1320 1972 1359 2021 C
1366 1975 1624 2035 orcyrenses
1640 1974 1756 2036 apud
1773 1972 2096 2032 Thucydidem

439 2040 596 2086 dicunt
607 2035 1098 2094 Athenienfibus‚licere
1111 2039 1124 2084 i
1160 2037 1212 2085 sis
1224 2036 1301 2084 fibi
1319 2038 1481 2084 auxilia
1495 2038 1771 2092 mittere‚nec
1785 2035 1958 2083 obstare
1970 2033 2096 2094 quod

437 2099 729 2149 Athenienses
747 2098 972 2147 habebant
1005 2112 1113 2146 eum
1168 2098 1476 2147 acedaemoniis
1491 2098 1647 2149 fedus,
1667 2099 1850 2160 quando
1866 2113 1944 2159 per
1963 2097 2009 2142 id
2027 2095 2095 2141 fe-

439 2163 524 2210 dus
547 2178 694 2210 novos
726 2161 876 2209 socios
909 2160 1150 2209 adsciscere
1196 2162 1363 2208 liceret.
1401 2161 1551 2223 Atque
1567 2177 1667 2207 earn
1681 2160 1946 2210 sententiam
1957 2158 2089 2205 secuti
2107 2176 2244 2216 Ibidem,

436 2225 537 2274 sunt
552 2223 840 2271 Athenienses
856 2223 1022 2286 postea,
1039 2226 1265 2287 imperato
1284 2222 1380 2273 suis.
1402 2239 1457 2270 ne
1480 2226 1522 2269 in
1540 2223 1807 2270 Corinthios
1825 2235 2084 2285 pugnarent,

438 2288 516 2335 nisi
529 2287 603 2332 ubi
617 2287 646 2331 ii
662 2284 930 2332 descendere
946 2302 1151 2350 pararent
1165 2286 1381 2333 hostiliter
1395 2287 1440 2332 in
1457 2285 1711 2346 Corcyram
1730 2323 1740 2340 ,
1760 2285 1891 2331 autin
1910 2281 2095 2344 aliquod

438 2350 583 2399 solum
598 2347 781 2394 ditionis
795 2346 1161 2410 Corcyrenlium,
1180 2364 1236 2395 ne
1254 2347 1417 2395 scilicet
1434 2347 1562 2395 fedus
1574 2361 1845 2409 rumperent.
1879 2342 1994 2390 Non
2011 2360 2094 2406 pu-

436 2427 545 2477 gnat
561 2425 714 2458 autem
724 2425 827 2456 cum
842 2407 1010 2466 federe,
1026 2426 1074 2457 ut
1087 2426 1202 2474 quos
1217 2411 1288 2457 alii
1306 2409 1598 2464 offenderent,
1612 2409 1657 2455 hi
1672 2407 2021 2454 defenderentur
2037 2405 2093 2452 ab

438 2476 534 2523 aliis
553 2513 566 2531 ,
600 2474 627 2501 *
647 2485 854 2519 manente
875 2472 1104 2520 decaetero
1122 2488 1251 2536 pace.
1267 2473 1449 2519 Iustinus
1464 2474 1522 2519 de
1541 2473 1607 2518 his
1624 2470 1904 2532 temporibus
1926 2483 2085 2531 agens:

436 2542 617 2586 Inducim
632 2573 645 2592 ‚
662 2554 757 2597 quas
767 2541 918 2596 proprio
931 2542 1078 2582 nomine
1113 2538 1359 2582 condixerant
1377 2568 1386 2582 ‚
1407 2554 1451 2581 ex
1474 2539 1657 2594 fivciorum
1682 2536 1835 2593 perfina
1849 2534 2083 2591 rumpebant,
2106 2539 2195 2575 Libro
2212 2547 2290 2577 ιη.

436 2608 565 2664 quippe
578 2599 814 2660 quasiminus
824 2598 980 2656 perjurii
996 2601 1272 2647 contraherent,
1281 2599 1605 2656 fifhrentesfhciis
1641 2598 1785 2640 auxilia
1797 2597 1920 2653 potius
1937 2628 1949 2647 ‚
1968 2610 2086 2653 quam

452 2682 464 2707 ι
478 2676 607 2721 aperto
616 2661 985 2721 priliodimicqffi’nt.
1002 2656 1075 2705 Sic
1088 2660 1136 2704 δε
1149 2659 1194 2703 in
1211 2660 1419 2705 oratione
1434 2657 1492 2703 de
1506 2653 1733 2702 Halonelo
1749 2670 1840 2715 quae
1855 2654 1969 2698 inter
1986 2653 2085 2699 De-

436 2722 730 2770 mosthenicas
742 2720 902 2784 legitur
918 2757 929 2776 ‚
949 2734 1136 2783 apparet
1153 2735 1262 2779 pace
1275 2719 1467 2783 quadam
1501 2716 1832 2764 Atheniensium
1852 2731 1952 2760 cum
1974 2713 2080 2760 Phi-

435 2785 561 2846 lippo
591 2797 769 2831 cautum
789 2819 800 2838 ,
837 2795 887 2827 ut
918 2798 1012 2844 quae
1045 2799 1097 2828 ea
1126 2798 1234 2844 pace
1267 2798 1358 2828 non
1391 2778 1878 2841 comprehenderentur
1905 2777 2081 2824 Graeciae

435 2849 641 2895 civitates
674 2844 820 2892 liberae
851 2843 984 2890 effent
1018 2861 1030 2893 ε
1052 2844 1096 2893 ,fi
1131 2845 1229 2904 quis
1264 2847 1354 2891 vim
1392 2842 1577 2889 inferret
1608 2879 1618 2895 ,
1657 2837 1900 2886 defendere
1927 2854 2001 2883 eas
2033 2839 2079 2883 in

435 2925 547 2973 pace
571 2904 901 2970 comprehensis
933 2905 1110 2954 liceret.
1143 2906 1202 2952 Et
1221 2906 1310 2953 hoc
1326 2905 1510 2969 quidem
1527 2902 1782 2965 exemplum
1811 2899 1932 2946 estin
1950 2897 2073 2945 fede-

434 2988 485 3020 re
512 2971 681 3031 aequali,
1619 3013 1621 3015 ,

498 3032 583 3079 XI
601 3031 660 3080 V.
692 3031 744 3078 In
759 3029 915 3078 federe
931 3029 1131 3093 inaequali
1147 3045 1362 3093 ponemus
1375 3029 1568 3075 aiterum
1588 3065 1596 3082 ‚
1618 3025 1646 3072 fi
1661 3024 1925 3071 convenerit
1943 3036 1997 3067 ne
2014 3020 2078 3066 al-

433 3108 505 3141 ter
519 3095 829 3141 federatorum
845 3091 1001 3151 injussu
1018 3092 1196 3138 alterius
1210 3091 1378 3137 bellum
1392 3106 1548 3155 gerere
1563 3087 1697 3151 poffit
1720 3107 1734 3143 3
1748 3084 1868 3145 quod
1883 3083 2077 3145 positum

434 3156 563 3203 fuiffe
577 3158 618 3202 in
632 3155 788 3202 federe
804 3153 1120 3200 Romanorum
1144 3156 1192 3199 ὃ(
1210 3151 1643 3217 Carthaginiensium
1659 3187 1669 3204 ,
1689 3147 1784 3216 post
1801 3147 1967 3192 bellum
1987 3144 2076 3190 Pu-

433 3216 832 3269 nicumseeundum
853 3252 867 3275 ,
885 3214 1013 3278 supra
1036 3217 1405 3265 memoravimus.
1442 3213 1551 3323 siScut
1582 3213 1631 3260 δε
1646 3216 1836 3273 politum
1850 3208 1935 3257 fuit
1952 3207 2000 3314 ig
2008 3204 2078 3250 fe-

1520 3285 1556 3333 4
2006 3282 2079 3314 ere

427 2664 469 2723 Ἢ
