2475 3854
661 290 771 327 iic
844 291 949 328 ivn
999 291 1099 328 cx
1149 292 1198 337 s,
1275 294 1414 335 trs.
1491 296 1605 333 ιιι.
1878 299 1951 346 581

290 359 417 403 minus
429 360 565 403 AEtolis
576 358 687 403 liceat
717 356 745 385 *
782 363 880 404 citra
887 361 1082 420 publicum
1092 362 1280 405 decretum
1298 368 1453 425 utrique
1479 369 1588 423 parti
1615 366 1784 410 militare
1804 399 1815 413 ,
1835 368 1885 420 εἴ
1897 383 1943 409 u·

290 425 447 481 trinque
455 423 601 479 praedas
617 439 740 480 agere·
776 419 931 468 Livius
943 420 1002 466 de
1013 419 1171 466 iisdem
1190 431 1461 470 :Iuventatem
1477 428 1948 488 adversusfisosfhciospu-

289 483 386 526 blica
398 494 553 527 tantum
568 488 794 530 austeritate.
807 487 939 530 demta
956 484 1121 528 militare
1131 484 1259 543 finum
1272 519 1283 533 ,
1299 482 1349 535 65
1360 493 1551 532 contraria
1568 491 1659 545 fhpe
1676 494 1768 532 acies
1782 495 1822 532 in
1838 505 1948 534 utra·

286 559 361 605 que
369 555 479 601 parte
492 547 659 589 AEtclica
672 550 820 592 auxilia
834 549 989 592 habent.
1028 543 1159 591 Olim
1176 545 1378 593 Ethrusci
1398 561 1566 612 negato
1585 546 1668 608 Vej
1676 549 1852 595 entibus
1867 565 1942 595 au„
1967 545 2045 581 Liv.
2059 545 2116 582 lib.
2132 557 2172 589 v,

285 603 415 659 xili0‚
434 602 545 666 fiqi'li
558 603 637 653 suae
651 608 900 669 juventutis
916 606 1183 664 voluntarii,
1202 607 1259 654 ad
1275 608 1323 654 id
1339 609 1507 657 bellum
1523 610 1638 656 irent
1657 647 1670 667 ‚
1692 626 1784 656 non
1801 612 1944 672 impe-

284 663 485 711 diebant.

348 726 400 773 X
414 726 556 774 XXI
574 729 608 774 Ι.
644 728 837 777 Rursum
868 746 956 793 pax
975 746 1105 792 rupta
1122 730 1285 778 censeri
1305 731 1445 780 debet
1464 773 1474 787 ,
1496 750 1587 781 non
1620 733 1768 780 modo
1805 732 1834 779 fi
1856 735 1944 780 toti

284 792 691 851 corporicivitatis‚
713 792 783 839 sed
806 795 855 838 δε
872 793 902 839 fi
923 792 1105 838 subditis
1125 794 1188 839 vis
1207 809 1379 840 armata
1399 795 1616 843 inferatur
1635 835 1645 852 ,
1665 796 1874 841 nimirum
1894 796 1946 842 fi-

283 866 342 896 ne
352 867 472 899 nova
487 852 627 899 causa.
660 854 787 901 Nam
807 872 853 901 ut
871 871 1029 902 omnes
1043 854 1205 901 subditi
1220 859 1304 901 tuti
1324 858 1417 912 sint,
1444 874 1532 920 pax
1548 861 1708 904 initur:
1739 856 1799 902 est
1823 859 1944 904 enim

282 928 374 974 pax
388 914 508 962 aetus
520 917 716 964 civitatis
733 933 818 978 pro
837 932 942 964 toto
964 956 975 970 ,
994 919 1042 962 &
1061 933 1144 979 pro
1162 919 1376 979 partibus.
1415 921 1515 966 Irno
1547 923 1593 966 &
1622 920 1650 966 si
1681 919 1804 965 causa
1824 935 1944 967 nova

281 974 432 1032 subfit,
451 993 532 1039 per
547 995 701 1039 pacem
716 980 867 1025 licebit
886 979 928 1025 se
945 978 1107 1040 suaque
1122 978 1380 1025 defendere.
1400 980 1623 1028 Naturale
1642 983 1759 1027 enim
1778 982 1941 1036 hoc,ut
2048 1033 2053 1041 ¹
2128 1035 2137 1045 ¹

281 1039 345 1084 ait
355 1037 676 1098 Caffius,arma
692 1043 828 1088 armis
841 1041 1055 1103 repellere
1075 1059 1086 1089 :
1104 1041 1211 1087 ideo
1231 1041 1485 1088 abdicatum
1502 1045 1616 1090 inter
1633 1060 1758 1106 pares
1769 1060 1857 1089 non
1876 1043 1937 1089 est
1960 1034 1997 1112 {3
2015 1045 2085 1113 ἵζ’*
2098 1045 2175 1115 ²3¹&

279 1115 332 1147 ut
347 1100 479 1149 facile
496 1102 719 1150 credatur.
745 1103 893 1150 ulcisci
910 1119 1062 1150 autem
1082 1118 1156 1150 aut
1183 1102 1337 1150 oblata
1366 1120 1627 1165 recuperare
1644 1122 1722 1166 per
1738 1108 1827 1151 vim
1848 1121 1938 1151 non
1958 1093 2116 1161 vj‘mmfn

279 1162 447 1220 licebit,
472 1166 548 1213 nifi
562 1166 796 1229 postquam
813 1166 1033 1226 judicium
1054 1168 1138 1212 erit
1157 1180 1367 1226 negatum
1387 1184 1399 1215 :
1417 1168 1525 1213 Haec
1543 1170 1661 1214 enim
1678 1184 1746 1213 res
1760 1183 1939 1214 moram

280 1225 373 1273 fert
394 1226 496 1274 :illa
513 1244 604 1275 non
623 1227 730 1276 fert.
764 1230 827 1277 At
860 1232 886 1260 *
922 1229 952 1275 fi
969 1243 1167 1290 quorum
1197 1227 1481 1276 subditorum
1504 1232 1565 1275 ita
1605 1245 1868 1292 perpetuum
1886 1231 1938 1275 fit

278 1289 553 1337 maleficium
569 1307 620 1338 ac
632 1293 718 1349 juri
732 1307 895 1339 naturae
911 1293 1188 1337 contrarium
1207 1329 1219 1347 ,
1239 1306 1288 1336 ut
1303 1292 1430 1352 quod
1447 1291 1616 1338 faciunt
1638 1330 1648 1347 ,
1665 1292 1711 1337 id
1725 1291 1939 1338 credendi

276 1351 364 1399 fint
398 1356 587 1400 omnino
617 1353 767 1400 facere
794 1352 1042 1400 re&oribus
1071 1351 1155 1399 suis
1180 1352 1538 1414 improbantibus
1558 1393 1568 1409 ,
1602 1356 1647 1398 δι’
1665 1355 1707 1398 in
1724 1369 1802 1400 eos
1819 1353 1939 1411 judi-

276 1415 397 1460 cium
414 1415 626 1476 postulari
638 1432 730 1462 non
749 1416 900 1478 poffit,
922 1416 1075 1478 quales
1097 1415 1191 1461 lunt
1209 1416 1283 1476 qui
1301 1416 1532 1475 piraticam
1548 1431 1755 1461 exercent
1777 1452 1787 1468 ,
1807 1414 1861 1459 ab
1873 1416 1940 1462 his

274 1477 325 1522 δε
341 1492 411 1523 res
429 1494 691 1541 recuperare
727 1480 776 1524 &
792 1479 1009 1525 ultionem
1025 1476 1266 1540 exposcere
1292 1478 1446 1524 licebit
1463 1493 1679 1540 tanquam
1706 1481 1731 1523 a
1749 1477 1926 1523 deditis.

273 1538 338 1585 At
354 1539 468 1587 alios
496 1543 758 1588 innocentes
772 1556 832 1587 eo
846 1542 1031 1588 nornine
1048 1541 1183 1587 armis
1212 1541 1429 1602 impetere
1443 1578 1453 1596 ,
1489 1540 1535 1586 id
1552 1555 1659 1587 vero
1673 1539 1735 1585 est
1775 1554 1934 1585 contra

272 1615 449 1664 pacem.

337 1663 387 1709 X
397 1663 446 1709 X
462 1663 512 1710 X
529 1662 550 1710 I
566 1663 586 1710 Ι
600 1663 634 1710 Ι.
670 1666 696 1694 *
731 1663 879 1711 Sociis
895 1681 1079 1729 quoque
1095 1666 1160 1712 vis
1174 1677 1405 1712 armorum
1419 1664 1541 1711 illata
1555 1678 1708 1725 pacem
1742 1664 1910 1725 rumpit
1929 1679 1942 1710 :

272 1724 351 1774 sed
368 1726 437 1774 his
455 1727 642 1775 demum
656 1727 732 1789 qui
744 1728 789 1774 in
807 1742 919 1787 pace
929 1729 1241 1791 comprehensi
1258 1728 1367 1783 sunt,
1386 1744 1436 1774 ut
1454 1725 1725 1793 ostendimus
1739 1740 1841 1793 cum
1861 1723 1942 1771 Sa-

273 1791 507 1852 guntinam
521 1789 878 1836 controverfiam
893 1793 1266 1839 examinavimus.
1283 1791 1456 1853 Vrgent
1475 1790 1563 1836 hoc
1581 1786 1873 1833 Corinthum
1885 1801 1938 1832 ο-
1956 1795 2026 1830 ω.
2048 1803 2144 1837 ιω.

276 1853 455 1898 ratione
470 1869 562 1911 quae
577 1851 638 1897 est
655 1852 772 1913 apud
790 1852 1148 1918 Xenophontem
1168 1853 1357 1900 historiae
1372 1855 1534 1900 Graecae
1552 1849 1678 1896 sexto
1696 1865 1706 1895 :
1722 1849 1833 1916 πῖξστν
1850 1849 1928 1901 ὃμῖῖ
1955 1850 2043 1883 'm’
2056 1849 2087 1881 Ὗ·
2110 1850 2168 1887 ¹3·

272 1912 411 1961 πάντες
429 1912 530 1969 ὑμᾶς
543 1910 741 1969 ὧμὲοαμῖμ
768 1935 890 1962 omnes
902 1937 965 1963 nos
983 1921 1089 1963 vobis
1109 1920 1280 1962 omnibus
1289 1921 1525 1975 juravimus.
1562 1909 1704 1971 Qod
1723 1910 1750 1954 fi
1772 1909 1847 1972 ipfi
1868 1911 1935 1978 so-

269 1978 329 2023 cii
348 1993 440 2023 non
458 1979 708 2042 pepigerint
728 2015 737 2030 ,
760 1977 834 2023 sed
848 1979 920 2025 alii
937 1979 1136 2042 proipfis
1162 2017 1175 2035 ,
1194 1977 1317 2023 idem
1349 1991 1495 2023 tamen
1515 1971 1795 2022 statuendum
1834 1986 1934 2024 erit,
1959 2037 1964 2042 Ι

268 2039 504 2103 postquam
523 2036 624 2086 satis
639 2039 825 2096 constat,
845 2056 924 2088 eos
942 2043 1090 2088 socios
1106 2055 1262 2103 pacem
1276 2054 1419 2086 ratam
1435 2038 1640 2084 habuisse.
1659 2050 1760 2079 nam
1777 2050 1935 2096 quarn-

267 2101 348 2148 diu
381 2101 527 2148 adhuc
540 2104 760 2148 incertum
779 2104 840 2150 est
863 2120 917 2150 an
935 2117 1079 2150 ratam
1097 2103 1264 2149 habere
1293 2102 1455 2155 velint,
1485 2099 1676 2146 hostium
1694 2095 1799 2141 loco
1818 2098 1927 2141 iunr.

267 2164 479 2211 Aliorum
512 2163 741 2211 sociorum
771 2180 820 2211 ut
849 2166 899 2212 &
928 2181 1229 2230 cognatorum
1242 2166 1290 2210 δε
1308 2163 1505 2209 affinium
1525 2200 1536 2218 ,
1569 2160 1642 2222 qui
1663 2173 1742 2202 nec
1761 2155 1923 2203 subditi
1941 2155 2016 2242 230·
2026 2152 2109 2195 ⁶⁰²¹s³

267 2227 368 2275 sunt
394 2242 477 2273 nec
503 2228 546 2272 in
581 2242 693 2288 pace
730 2229 949 2275 nominati
971 2266 981 2284 ‚
1022 2228 1221 2290 separata
1245 2226 1373 2273 causa
1392 2226 1452 2273 est
1474 2264 1486 2281 ,
1503 2239 1583 2270 nec
1596 2220 1651 2268 ad
1671 2234 1828 2278 pacem
1847 2234 1916 2286 rt}->
1943 2227 2117 2286 Dec.'c0ns.

266 2303 393 2354 pram
427 2290 495 2335 vis
520 2291 564 2336 in
590 2304 670 2334 eos
688 2289 806 2334 trahi
823 2290 987 2351 potest.
1010 2306 1154 2352 neque
1171 2304 1323 2335 tamen
1342 2288 1535 2349 sequitur
1559 2299 1608 2330 ut
1641 2282 1687 2325 δί
1701 2278 1827 2351 supra
1851 2279 1915 2324 dl-
1946 2298 2030 2336 531.

265 2354 415 2400 ximus
430 2350 598 2399 bellum
618 2366 674 2396 eo
692 2353 874 2398 nomine
893 2351 1046 2414 suscipi
1062 2369 1151 2398 non
1170 2351 1307 2414 poffe,
1326 2349 1403 2396 sed
1423 2349 1468 2396 id
1482 2347 1646 2394 bellum
1664 2356 1749 2388 erit
1762 2358 1819 2387 ex
1836 2357 1922 2387 no-

265 2430 324 2464 va
334 2412 480 2460 caula.
1852 2463 1862 2471 ,

332 2476 382 2523 X
396 2474 447 2521 X
464 2474 512 2520 X
530 2473 627 2521 IV.
661 2474 903 2537 Rumpitur
927 2478 975 2522 &
993 2494 1082 2541 pax
1096 2516 1107 2534 ,
1123 2476 1377 2524 utdiximus
1397 2509 1408 2523 ‚
1440 2466 1646 2516 faciendo
1673 2478 1833 2533 contra
1850 2462 1915 2518 ld,

267 2538 394 2601 quod
412 2539 457 2583 iri
470 2552 578 2600 pace
597 2536 769 2583 dic‘tum
800 2537 861 2583 est
886 2554 898 2585 ε
927 2538 1004 2586 sub
1035 2539 1244 2587 faciendo
1273 2551 1423 2584 autem
1444 2527 1841 2591 comprehenditur
1866 2527 1915 2571 &

263 2617 356 2648 non
373 2600 524 2648 facere
539 2598 665 2661 quod
679 2601 728 2644 δε
743 2615 846 2646 cum
861 2616 1064 2662 oportet.
1451 2654 1459 2662 ο
1667 2651 1678 2659 ‚

328 2663 379 2709 X
394 2660 564 2713 XXV.
597 2660 766 2722 Neque
780 2661 1016 2709 admittam
1036 2664 1109 2710 hic
1122 2660 1354 2709 discrimen
1367 2666 1560 2717 capitum
1581 2666 1702 2712 pacis
1712 2665 1806 2710 quae
1823 2664 1915 2694 ma-

262 2727 376 2786 joris
393 2739 576 2789 quaeque
587 2725 775 2770 minoris
790 2727 1006 2772 momenti
1023 2725 1118 2771 fint.
1145 2724 1265 2770 Satis
1288 2720 1408 2787 enirn
1440 2729 1602 2777 magna
1619 2727 1668 2758 ut
1686 2710 1912 2779 serventur

262 2788 411 2836 videri
423 2786 589 2834 debent
605 2802 700 2847 quae
714 2800 825 2846 pace
838 2787 1158 2850 comprehensa
1171 2785 1283 2832 sunt.
1296 2782 1478 2849 Bonitas
1495 2789 1643 2843 tamen
1658 2811 1688 2843 ‚⁴
1713 2786 1912 2840 maxjme

263 2849 517 2895 Christiana
538 2883 549 2901 ,
567 2848 763 2896 leviores
779 2848 943 2910 culpas,
960 2849 1200 2895 accedente
1209 2843 1443 2910 praesertim
1453 2850 1716 2900 poemtentia
1736 2832 1910 2879 faclhus

260 2908 554 2965 condonabit,
573 2923 624 2955 ut
639 2909 750 2956 illud
765 2909 916 2956 locum
934 2912 1112 2958 habeat,

540 2978 831 3030 Qempoenitet
840 2977 1004 3034 peccaffi’‚
1014 2989 1118 3033 poene
1139 2978 1190 3018 es‘i
1204 2979 1384 3018 innocens.
1570 3023 1581 3031 ‘
1607 3022 1615 3030 ·
1769 3019 1780 3026 .
1871 3017 1882 3024 -

261 3031 356 3079 Sed
373 3047 465 3093 quo
483 3032 626 3094 magis
641 3035 740 3095 paci
754 3048 977 3089 caveatur,
997 3034 1245 3080 consultum
1260 3030 1362 3078 erit,
1380 3029 1411 3059 ‘⁴‘
1426 3037 1476 3069 ut
1486 3020 1703 3091 caPlffffbus
1720 3032 1905 3063 mmons
1932 3079 1955 3097 Γ

259 3096 480 3141 momenti
497 3095 734 3152 adjiciatur
752 3130 764 3147 ,
783 3107 832 3139 ut
851 3095 990 3156 siquid
1021 3094 1228 3141 adversus
1260 3106 1313 3136 ea
1342 3085 1508 3134 factum
1526 3100 1611 3154 erit
1629 3095 1783 3148 pacem
1813 3094 1902 3123 nori
1919 3076 2134 3162 {gistra-

260 3169 471 3214 rumpat:
501 3170 577 3201 aut
594 3170 643 3202 ut
671 3156 825 3202 arbitri
852 3158 971 3217 prius
989 3157 1226 3209 adeantur,
1254 3167 1388 3215 quam
1416 3163 1540 3194 arma
1567 3141 1891 3214 inferreliceass
1921 3174 1955 3204 q,
1976 3178 2028 3213 ¹5·

260 3217 380 3280 quod
397 3218 551 3263 eratin
569 3216 727 3264 federe
745 3216 1431 3276 Peloponnefiaco,memorante
1444 3204 1734 3266 Thucydide.
1919 3216 1992 3253 Lm.
2006 3225 2080 3254 vu.

325 3278 376 3329 X
389 3279 439 3327 X
451 3279 503 3326 X
514 3278 554 3328 V
567 3277 602 3326 Ι.
638 3279 700 3327 Et
715 3278 844 3344 plane
856 3277 995 3329 sentio
1007 3281 1054 3329 id
1071 3273 1390 3402 astumdigiegri,
1409 3272 1439 3320 fi
1455 3287 1544 3335 qua
1557 3266 1903 3383 lpecialigdssgeffi

1922 2965 1999 3001 Sen.
2011 2969 2088 3013 ιΛὲ.
