2380 3917
317 315 390 363 376
717 312 1563 353 oetvnsnnttt

76 374 217 412 Sfflstb‘
240 382 294 411 ¹¹·
319 399 365 430 at
379 381 550 430 Seneca
569 396 582 430 Ζ
614 383 731 426 Nihil
747 383 798 438 est
811 386 977 442 iniquius
993 400 1113 443 quam
1126 385 1181 428 ‚ali
1206 399 1292 427 uem
1308 385 1493 428 heredem
1505 386 1662 442 paterni
1676 383 1866 442 odiifieri.

77 425 292 506 lidecxac'jliff'
319 447 544 509 Attagini‚
565 445 640 506 qui
657 442 892 489 Thebanis
910 442 967 489 ad
983 442 1159 491 Medos
1210 443 1418 490 eficiendi
1450 443 1609 491 audior
1635 442 1785 491 fuerat
1801 485 1811 502 ‚
1834 445 2003 494 liberos

320 509 446 557 nullo
459 508 582 572 malo
599 505 744 554 affecit
763 505 1003 554 Pausanias
1020 506 1289 554 Graecorum
1310 507 1572 568 Imperator
1590 541 1600 557 ‚
1631 508 1709 560 Φὲις
1735 508 1783 551 τῦ
1813 506 2004 563 Μηδισμῗς

321 568 457 622 παῖδας
473 572 522 612 ἐκ
541 574 627 623 εἶναι
642 568 864 622 μεταιτίδςῖ
883 573 1010 615 dicens
1029 575 1107 615 illos
1122 587 1234 616 extra
1266 575 1412 632 culpam
1451 574 1516 630 effe
1538 576 1714 630 partium
1741 577 1998 619 Medicarumr

320 636 510 683 Marcus
531 635 756 681 Antonius
771 634 817 679 in
833 631 1032 693 Epistola
1045 631 1102 679 ad
1117 630 1338 679 Senatum
1357 647 1369 680 :
1401 635 1425 662 *
1456 637 1693 695 ιξὶψινεῇίιϊς
1722 639 1871 682 Avidii
1889 635 1997 692 Caffiu'

320 701 338 759 (
357 700 391 746 is
409 701 451 745 in
470 714 574 745 eum
593 698 914 756 conjuraverat
933 693 1013 756 )&
1024 716 1160 759 genero
1173 699 1224 752 θ’
1237 702 1349 743 uxori
1369 701 1525 743 veniam
1540 699 1699 742 dabitis.
1742 709 1792 744 Et
1811 701 1908 760 quid
1917 701 1998 742 dico

321 769 495 813 veniam,
515 780 598 806 cum
614 765 670 804 illi
683 757 953 822 nihilfecerint
967 771 985 804 ἕ
1146 778 1149 779 ’

386 823 471 871 XI
491 822 547 870 V.
584 824 713 870 Deus
725 821 911 884 quidem
924 822 970 868 in
987 820 1088 887 lege
1105 819 1311 868 Hebraeis
1337 819 1446 868 data
1464 835 1697 883 paternam
1714 823 2002 884 impietatem

319 887 365 932 in
378 886 583 949 posteros
601 886 643 933 se
661 885 998 932 vindicaturum
1033 886 1256 934 minatur:
1290 882 1367 931 sed
1385 882 1477 947 ipse
1491 885 1561 945 jus
1586 883 1782 932 dominii
1805 883 2000 949 plenissi-

320 966 449 996 mum
465 949 618 1005 habet,
640 950 750 996 utin
768 964 838 996 res
856 947 1028 995 nostras
1039 949 1104 996 ita
1115 950 1161 994 δε
1175 948 1220 994 in
1238 949 1378 995 vitam
1395 946 1667 1003 nostram,ut
1682 964 1844 996 munus
1861 947 1999 996 suum,

322 1012 449 1075 quod
471 1012 558 1058 fine
575 1012 663 1059 ulla
685 1011 816 1058 causa
847 1014 896 1058 δε
920 1013 1083 1075 quovis
1111 1018 1323 1072 tempore
1337 1009 1519 1058 auferre
1535 1013 1679 1060 cuivis
1707 1010 1888 1075 quando
1907 1011 1999 1058 vult

80 1074 123 1105 ¹¹
144 1067 293 1103 Samuel.
321 1076 480 1138 potest.
518 1076 662 1140 Igitur
682 1075 712 1122 fi
729 1090 883 1121 morte
895 1076 1139 1122 immatura
1170 1089 1221 1120 ac
1249 1075 1450 1121 violenta
1483 1075 1603 1144 rapit
1634 1074 1803 1122 liberos
1820 1073 1998 1138 Acauis,

79 1123 197 1207 ῗῖξχ,
214 1170 302 1196 xiv.
320 1139 480 1197 Saulis,
500 1139 778 1193 Ieroboami‚
801 1137 992 1194 Achabi,
1012 1137 1038 1165 *
1061 1139 1105 1184 in
1120 1135 1242 1201 ipsos
1258 1138 1358 1196 jure
1368 1137 1560 1185 domimi
1577 1153 1670 1186 non
1682 1154 1820 1203 poenae
1839 1138 1999 1193 utitur,

84 1216 126 1244 11
147 1212 263 1256 Regum
321 1203 396 1252 sed
414 1203 583 1250 eodem
601 1201 724 1249 faeto
743 1202 925 1267 gravius
954 1202 1081 1265 punit
1111 1215 1331 1264 parentes.
1362 1199 1492 1248 Nam
1513 1199 1601 1247 five
1618 1200 1868 1265 superstites
1886 1199 2001 1256 sunt,

82 1264 299 1303 ⁹¹¹¹³9’¹0·
355 1265 450 1314 uod
469 1268 668 1314 maxime
684 1265 899 1329 speetavit
912 1265 986 1313 lex
997 1263 1170 1321 divina,
1183 1279 1321 1327 atque
1335 1263 1443 1311 ideo
1458 1265 1531 1311 lex
1547 1265 1691 1312 minas
1707 1264 1808 1312 istas
1840 1262 1866 1290 *
1884 1262 2004 1309 ultra

320 1346 347 1377 a
382 1345 573 1392 nepotes
604 1345 694 1377 uon
723 1329 934 1376 extendit
950 1367 962 1386 ,
981 1328 1133 1376 Exod.
1166 1344 1280 1384 xxv,
1319 1328 1421 1391 quia
1439 1327 1498 1376 ad
1516 1342 1679 1376 eorum
1713 1325 2004 1392 conspeostum

323 1394 583 1457 pertingere
599 1391 745 1454 potest
762 1393 957 1439 humana
973 1406 1109 1450 aetas3
1140 1406 1317 1439 certum
1335 1390 1396 1437 est
1414 1406 1618 1455 parentes
1651 1392 1794 1454 puniri
1811 1390 1888 1436 tali
1903 1388 1928 1436 s
1956 1405 2007 1434 e-

323 1455 503 1502 &aculo
523 1473 532 1501 :
554 1457 736 1519 gravius
752 1455 873 1502 enim
890 1452 938 1501 id
953 1454 1038 1501 illis
1052 1469 1188 1517 quam
1238 1454 1330 1501 uod
1353 1456 1430 1517 ipsi
1446 1455 1612 1509 ferunt,
1624 1472 1672 1501 ut
1689 1459 1715 1502 a
1730 1452 1927 1516 Chrysol
1951 1470 2007 1500 o-

80 1518 200 1575 Romu.
224 1528 288 1566 29»
326 1534 409 1564 mo
427 1517 545 1565 reste
565 1519 731 1564 dicitur
750 1554 759 1568 ,
778 1518 961 1582 quicum
977 1517 1201 1565 consentit
1258 1517 1489 1564 lutarchus
1507 1517 1530 1557 ἐ
1546 1517 1706 1560 λυπὲσιι
1720 1522 1859 1574 peamau
1892 1514 2006 1573 ἐπ’ρφ

79 1579 116 1604 m
128 1577 152 1608 9
170 1568 253 1604 Gen.
325 1582 481 1632 χρλοιστς
494 1580 585 1627 ἦἾὲς
600 1582 637 1631 ἐξ
654 1581 790 1624 {aaran
807 1581 914 1632 ³19⁶&
927 1579 1118 1638 mlxv&
1135 1575 1171 1623 δῖ
1185 1579 1289 1626 ἆυἾὲς
1300 1580 1402 1639 ὂςέἔν.
1434 1585 1596 1627 Nullum
1628 1586 1766 1628 durius
1777 1585 2007 1642 fhpplicium

321 1664 446 1708 quam
460 1665 516 1690 eos
542 1651 609 1707 qui
626 1649 716 1704 exj}
724 1649 820 1704 sunt
832 1648 930 1705 obft’
945 1648 1266 1704 mzfi’rosspeliare
1281 1660 1292 1692 t
1307 1645 1396 1691 five
1414 1659 1504 1690 non
1517 1659 1575 1689 eo
1590 1642 1724 1706 usque
1739 1644 2004 1707 provivunt,

318 1721 473 1753 tamen
492 1721 596 1752 cum
611 1721 668 1753 eo
684 1722 812 1753 metu
827 1705 1042 1754 occidere
1053 1723 1268 1772 magnum
1285 1705 1346 1753 est
1362 1705 1624 1772 supplicium
1644 1723 1655 1755 :
1689 1713 1855 1754 Duritia
1867 1710 2006 1767 populi.

319 1770 466 1831 inquit
497 1769 805 1817 Tertullianus
824 1808 836 1826 ‚
873 1774 928 1816 ad
941 1773 1040 1816 talia
1064 1773 1236 1816 remedia
1264 1774 1508 1832 compulerat,
1543 1773 1568 1798 *
1609 1787 1653 1816 ut
1689 1775 1753 1817 vel
1774 1773 2008 1831 posteritati-

321 1836 394 1878 hm
415 1837 498 1894 suis
527 1837 788 1894 prquicientes
819 1837 888 1894 legi
918 1836 1058 1880 divina
1098 1835 1310 1879 obedirent.
1365 1830 1458 1879 Sed
1491 1831 1619 1879 fimul
1656 1832 1909 1880 notandum
1943 1830 2008 1878 est

318 1895 406 1942 hac
437 1896 650 1961 graviore
686 1893 882 1942 vindifta
908 1911 1000 1942 non
1017 1895 1082 1940 uti
1101 1895 1257 1943 Deum
1292 1894 1368 1941 nifi
1397 1894 1609 1942 adversus
1635 1893 1804 1942 scelera
1822 1896 2008 1961 proprie

320 1959 366 2004 in
388 1957 510 2005 suam
538 1958 864 2005 coutumeliam
895 1972 1154 2021 perpetrata
1173 1998 1185 2015 ‚
1219 1971 1268 2003 ut
1285 1955 1422 2004 falsos
1437 1957 1584 2005 cultus
1604 1997 1615 2014 ,
1649 1959 1893 2020 perjurium
1914 1993 1922 2007 ,
1941 1956 2009 2005 sa-

320 2022 522 2084 crilegia.
553 2020 658 2068 Nec
682 2020 813 2069 aliter
842 2022 988 2069 Graeci
1018 2020 1356 2068 existimarunt:
1383 2018 1508 2067 Nam
1526 2037 1619 2084 quae
1649 2022 1836 2067 crimina
1855 2020 2009 2068 credi-

321 2097 371 2131 ta
390 2084 484 2131 sunt
499 2083 808 2147 posteritatem
824 2084 1118 2149 obstringere.
1145 2089 1170 2114 '⁸‘
1208 2099 1302 2146 quae
1313 2077 1386 2136 a„
1402 2078 1475 2144 ipfi
1497 2098 1686 2138 vocant,
1707 2085 1863 2131 omnia
1888 2083 2009 2131 istius

318 2145 417 2193 sunt
451 2149 629 2210 generis
649 2163 659 2194 :
677 2163 768 2210 quo
788 2147 847 2193 de
868 2162 1140 2211 argumento
1159 2146 1355 2193 facunde
1385 2145 1553 2194 disserit
1586 2145 1850 2194 Plutarchus
1884 2146 2007 2193 libro

318 2207 379 2255 de
398 2209 490 2256 sera
508 2211 699 2257 numinis
717 2208 931 2258 vindiCta.
967 2208 1119 2257 Exstat
1132 2208 1254 2274 apud
1269 2210 1497 2258 AEliauum
1526 2209 1764 2258 oraculum
1781 2210 1871 2258 tale
1890 2209 2008 2259 Del-

320 2273 503 2335 phicum
522 2290 535 2323 :

601 2346 663 2384 At
669 2338 854 2397 scelerum
860 2340 993 2399 fontes
1009 2339 1193 2384 divinum
1199 2338 1442 2399 persequitur
1445 2344 1530 2400 jus,

603 2408 684 2445 Nec
690 2414 777 2460 pote
800 2403 932 2445 vitari
948 2424 959 2446 .·
980 2419 1055 2447 non
1062 2399 1104 2459 si
1108 2401 1284 2460 genusab
1302 2407 1394 2446 Jove
1411 2404 1555 2448 ducant
1572 2416 1586 2450 ε

603 2464 674 2506 Sed
685 2469 800 2521 capiti
813 2464 979 2524 ipsorum
991 2468 1132 2525 quique
1152 2465 1379 2521 enascuntur
1393 2467 1444 2509 ab
1459 2465 1542 2526 ipsis

600 2530 783 2570 Imminet
801 2543 816 2577 ς
831 2531 846 2569 i
899 2541 942 2569 ue
959 2528 1067 2571 domo
1083 2527 1232 2570 cladem
1239 2527 1350 2584 flebit
1363 2530 1493 2572 altera
1509 2529 1647 2572 clades.

325 2586 352 2615 *
374 2582 588 2648 Agebaur
608 2601 760 2632 autem
783 2544 922 2632 ibinge
934 2585 1169 2650 sacrilegio
1186 2586 1340 2649 :quod
1356 2589 1406 2635 δε
1423 2588 1605 2636 historia
1621 2587 1897 2651 comprobat
1912 2586 2011 2635 auri

325 2646 550 2695 Tolosani
569 2648 688 2711 apud
719 2647 996 2696 Strabonem
1026 2651 1076 2696 &
1101 2649 1309 2698 Gellium.
1348 2650 1424 2698 De
1442 2653 1645 2714 perjurio
1662 2652 2008 2700 fiinilessenten-

325 2713 411 2758 tias
430 2709 557 2772 supra
578 2710 867 2759 adduximus.
895 2712 1079 2760 Deinde
1110 2729 1224 2760 vero
1254 2712 1333 2760 etfi
1364 2714 1414 2761 id
1431 2718 1739 2763 comminatus
1775 2714 1837 2761 est
1856 2715 2003 2762 Deus,

332 2790 423 2820 nou
440 2789 592 2819 tamen
607 2773 782 2838 semper
797 2790 855 2822 eo
868 2776 969 2835 jure
982 2778 1126 2823 utitur
1147 2814 1157 2832 ,
1176 2776 1375 2822 maxime
1393 2777 1424 2824 fi
1455 2781 1480 2809 *
1499 2778 1677 2842 iufignis
1690 2777 1896 2841 quaedam
1914 2779 2011 2824 vir-

327 2849 401 2882 tus
417 2838 462 2882 in
482 2835 631 2883 liberis
653 2838 825 2885 eluceat
838 2877 851 2895 ‚
875 2853 924 2886 ut
943 2838 1099 2885 videre
1117 2838 1178 2885 est
1198 2838 1361 2887 Ezech.
1381 2856 1484 2901 cap.
1512 2857 1633 2888 xvn
1647 2856 1667 2887 1
1690 2879 1702 2898 ,
1723 2842 1772 2887 &
1787 2839 2026 2900 exemplis

330 2897 599 2961 quibusdam
613 2904 640 2947 a
660 2899 909 2948 Plutarcho
921 2900 1045 2948 dioto
1063 2901 1173 2948 loco
1191 2900 1427 2959 probatur.
1445 2904 1503 2950 Et
1519 2920 1623 2951 cum
1643 2905 1687 2950 in
1706 2919 1833 2950 novo
1850 2902 2010 2950 federe

333 2962 530 3025 apertius
548 2977 682 3024 quam
701 2964 813 3009 olim
831 2962 1058 3011 declarata
1077 2963 1159 3010 (int
1175 2963 1218 3010 su
1256 2965 1389 3026 plicia
1405 2982 1499 3028 quae
1512 2967 1680 3030 impios
1695 2966 1795 3030 post
1810 2967 1921 3014 hauc
1940 2967 2011 3012 vi-

331 3038 427 3069 tam
445 3039 641 3081 manent,
664 3030 688 3056 *
709 3026 818 3072 ideo
836 3028 880 3072 in
898 3041 957 3071 eo
991 3026 1150 3073 federe
1166 2980 1284 3075 nulla
1303 3027 1442 3075 exstat
1477 3031 1778 3076 comminatio
1795 3027 2010 3091 personas

333 3087 615 3149 peccantium
632 3089 895 3150 egrediens3
913 3105 1007 3150 quo
1024 3091 1242 3152 praecipue
1263 3128 1272 3146 ,
1292 3106 1547 3154 quanquam
1574 3094 1722 3140 minus
1738 3107 1892 3155 aperte
1910 3128 1922 3146 ,
1958 3105 2009 3135 ut·

333 3164 437 3195 mos
454 3149 513 3194 est
527 3149 717 3205 vatibus,
738 3150 765 3197 s
757 3151 906 3212 pectat
922 3149 1042 3198 dieta
1054 3154 1147 3212 jam
1180 3153 1432 3200 Ezechielis
1451 3155 1620 3202 oratio.
1655 3155 1838 3202 Pactum
1858 3168 2009 3200 autem

329 3211 443 3256 illud
466 3211 554 3259 Dei
576 3213 835 3260 homiuibus
855 3216 1026 3261 imitari
1044 3215 1284 3263 nonlicet:
1318 3232 1460 3279 neque
1491 3235 1570 3279 par
1599 3220 1720 3265 ratio
1731 3217 1938 3279 est,quia,
1955 3230 2006 3260 ut

334 3276 425 3332 jam
443 3274 642 3322 diximus
668 3313 678 3330 ,
701 3276 829 3323 Deus
845 3276 932 3322 fine
948 3278 1086 3339 culpae
1104 3279 1266 3324 intuitu
1292 3281 1362 3340 jus
1381 3280 1520 3328 habet
1537 3283 1580 3328 iu
1598 3284 1738 3335 vitam
1755 3301 1771 3339 3
1800 3280 2009 3325 homines

331 3350 423 3383 non
441 3335 518 3386 nisi
536 3351 592 3384 ex
608 3338 741 3403 gravi
764 3339 896 3404 culpa
917 3378 930 3399 ‚
956 3342 1004 3388 &
1021 3340 1208 3402 quidem
1225 3357 1319 3404 quae
1336 3342 1532 3406 personae
1564 3344 1615 3392 sit
1630 3345 1835 3408 propria.
1854 3344 2010 3450 (ἔξιτε

1833 3420 1886 3452 ea
1920 3418 1996 3450 em
2017 3436 2019 3438 -
