2475 3854
631 291 1612 337 AC?ACIS,1.IB.111.
1891 299 1961 344 553

299 358 542 426 parcendi:
570 359 781 408 addidit:
806 362 1013 420 Adversus
1038 366 1154 405 vidos
1184 361 1420 419 mitiffimum
1434 380 1619 425 quemque
1645 367 1860 411 maximum
1873 377 1953 409 ant·

299 446 406 474 mum
419 428 572 471 habere.
607 421 739 486 Apud
752 421 968 468 Tacitum
980 420 1042 467 est
1062 438 1074 468 1
1109 423 1255 481 Zorfini
1271 428 1373 468 vieto
1385 427 1482 469 nihil
1498 438 1677 484 ereptum.
1978 437 2126 472 ⁸Arm-:tx
2135 440 2170 470 1.

363 487 421 536 V.
455 484 688 533 Interdum
704 484 829 531 fimul
842 499 949 530 cum
962 482 1247 530 conceffione
1262 485 1440 547 imperii
1456 485 1708 532 consultum
1726 486 1959 535 vistorum

301 550 545 597 securitati.
579 553 603 578 *
623 546 696 593 Sic
709 551 734 594 a
755 548 947 610 Qntio
959 544 1470 601 decretum,Corinthus
1488 548 1756 596 redderetur
1772 549 1961 605 Achaeis,

300 614 404 659 utin
421 611 755 658 Acrocorintho
772 625 920 656 tamen
938 608 1188 671 praefidium
1205 608 1323 656 esset:
1344 608 1618 657 Chalcidem
1632 627 1683 658 ac
1701 613 1963 661 Demetria-

300 674 408 721 dem
424 673 616 720 detineri
633 711 644 729 ‚
674 673 822 718 donec
838 687 945 718 cura
960 671 1017 716 de
1042 671 1271 718 Antiocho
1289 671 1550 719 deceffiffet.

365 737 409 787 V
426 735 462 783 I.
496 734 798 782 Tributorum
828 749 1011 796 quoque
1038 732 1224 779 indictio
1252 732 1360 796 saepe
1389 751 1479 782 non
1507 750 1601 781 tam
1635 735 1694 782 ad
1727 734 1958 784 fadiorum

301 799 527 846 sumtuum
540 798 862 843 restitutionem
886 833 897 851 ‚
926 811 1061 856 quam
1080 795 1138 842 ad
1154 795 1434 843 securitatem
1461 800 1509 843 δε
1528 797 1710 844 victoris
1728 800 1776 844 δε
1793 800 1954 846 νὶᾶἰίη

301 861 529 925 posterum
548 861 759 921 pertinet.
795 858 965 904 Cicero
981 857 1038 903 de
1055 858 1250 906 Graecis:
1286 865 1407 905 Simul
1420 863 1516 905 illud
1542 863 1640 920 Aſsa
1667 868 1798 922 cogitet
1810 869 1955 909 nullam
1975 872 2013 904 L.
2036 877 2050 904 1
2066 867 2194 914 adQ.

300 929 329 970 ἃ
338 927 380 984 se
393 942 509 985 neque
525 926 610 968 belli
631 928 776 967 externi
791 939 908 982 neque
923 924 1198 979 discordiarum
1215 924 1501 979 domesticarum
1512 925 1769 969 calamitatem
1789 929 1952 987 absum·
1966 916 2049 964 fiat.
2065 915 2189 962 ΨΜ·

300 1005 389 1032 ram
395 986 516 1046 fuisse,
523 985 561 1044 fi
568 988 639 1029 hoe
651 990 802 1043 imperio
812 1002 887 1029 non
903 998 1098 1030 teneatur:
1119 986 1162 1027 id
1174 999 1304 1028 autem
1319 988 1516 1043 imperium
1528 1003 1612 1030 cum
1625 991 1780 1031 retineri
1784 988 1866 1047 sine
1881 1006 1954 1032 ve-

303 1049 502 1109 c‘iz'galt'bm
520 1050 617 1092 nullo
630 1048 740 1090 modo
750 1045 855 1105 poffit
876 1083 886 1100 ‚
922 1063 1016 1107 aquo
1030 1050 1159 1090 animo
1166 1059 1278 1106 parte
1310 1049 1441 1107 aliqua
1455 1051 1607 1103 fitorttm
1615 1048 1812 1105 fruetuum
1826 1065 1954 1110 pacem

299 1110 649 1170 fibisempiternam
676 1110 845 1154 redimat
872 1122 988 1169 atque
1017 1112 1150 1151 otium.
1189 1105 1372 1154 Petilius
1390 1105 1590 1154 Cerealis
1607 1107 1724 1171 apud
1741 1110 1956 1157 Tacitum
1978 1115 2060 1163 Hist·
2083 1124 2138 1153 lv-

300 1186 387 1236 pro
415 1169 635 1216 Romanis
659 1168 780 1233 apud
796 1168 1024 1231 Lingonas
1041 1166 1237 1230 aliosque
1266 1168 1424 1216 Gallos
1437 1170 1493 1216 fic
1507 1170 1699 1220 disserit:
1735 1183 1812 1220 Nos
1827 1192 1959 1236 quan-

302 1251 421 1298 quam
441 1240 549 1279 toties
563 1233 714 1291 laceffiti
739 1238 829 1293 jure
845 1236 1005 1277 υἰέῖονὶα
1031 1234 1076 1275 id
1096 1234 1221 1290 fhlum
1238 1235 1343 1278 vobis
1352 1236 1576 1279 addidimus
1591 1252 1662 1296 quo
1686 1249 1816 1295 pacem
1832 1253 1960 1281 tuere-

300 1315 405 1342 mur.
438 1313 531 1341 nam
547 1313 664 1357 neque
688 1300 790 1356 quies
801 1300 975 1354 gentium
987 1294 1064 1351 fine
1079 1299 1200 1338 armes
1213 1329 1223 1342 ,
1246 1312 1363 1356 neque
1379 1313 1491 1341 arma
1499 1296 1579 1355 fine
1592 1300 1805 1356 stipendia,
1841 1317 1959 1358 neque

297 1359 485 1420 stipendia
508 1358 587 1415 fine
617 1361 775 1403 tributis
797 1360 936 1402 haberi
961 1370 1117 1416 queunt.
1154 1355 1335 1402 Eodem
1354 1357 1579 1419 pertinent
1602 1359 1649 1403 δέ
1669 1358 1753 1405 alia
1768 1375 1859 1421 quae
1879 1374 1959 1404 ex-

300 1418 538 1483 preffimus
550 1434 655 1465 cum
672 1420 731 1465 de
746 1418 946 1480 inaequali
963 1414 1119 1463 federe
1136 1433 1370 1481 ageremus
1390 1457 1401 1475 ,
1431 1422 1459 1453 *
1478 1419 1658 1467 tradere
1673 1437 1797 1468 arma
1815 1459 1827 1478 ,
1853 1420 1962 1467 clas-
1982 1435 2050 1470 Lib.
2069 1443 2165 1476 11,e.

301 1481 411 1535 sem,
432 1482 711 1544 elephantos,
727 1497 819 1527 non
832 1480 998 1527 habere
1014 1481 1172 1536 aciem,
1191 1498 1281 1527 non
1297 1483 1562 1529 exercitum.
1982 1490 2125 1526 xv·⁴s-7·

366 1543 410 1592 V
427 1544 444 1590 Ι
461 1544 494 1590 1.
532 1543 592 1592 Vt
607 1558 756 1590 autem
773 1543 899 1592 vistis
926 1543 1201 1606 relinquatur
1231 1545 1353 1591 suum
1372 1546 1613 1607 imperium
1634 1583 1645 1601 ,
1676 1562 1765 1592 non
1778 1558 1959 1593 tantum

301 1607 595 1654 humanitatis
612 1607 687 1664 est,
705 1606 780 1654 sed
799 1605 908 1669 saepe
922 1608 970 1652 δε
983 1605 1171 1652 confilii.
1203 1606 1324 1654 Inter
1336 1607 1501 1654 Numae
1517 1607 1713 1655 instituta
1736 1608 1959 1663 laudatur,
1982 1617 2170 1663 Nunquam.

302 1669 429 1732 quod
446 1674 472 1716 a
491 1669 698 1717 Termini
713 1669 843 1717 sacris
860 1684 1049 1715 omnem
1068 1667 1323 1732 sanguinem
1350 1667 1494 1716 abesse
1512 1671 1658 1717 voluit
1676 1709 1686 1725 ,
1720 1670 1961 1735 significans
1982 1668 2068 1700 Rom.
2090 1672 2149 1710 ¹5·

302 1731 362 1779 ad
378 1733 577 1794 quietem
592 1733 641 1779 δε
657 1746 830 1779 certam
848 1747 1005 1794 pacem
1025 1731 1132 1778 nihil
1154 1733 1303 1779 utilius
1317 1748 1452 1795 quam
1470 1733 1555 1779 suis
1571 1732 1612 1778 se
1627 1733 1784 1780 finibus
1798 1746 1965 1778 tenere.

303 1794 503 1860 Optime
520 1794 680 1841 Florus
700 1810 711 1843 ζ
731 1797 937 1854 Difficilim
949 1798 996 1855 est
1004 1801 1222 1855 provincias
1241 1799 1409 1841 obtinere
1423 1815 1543 1856 quam
1548 1801 1681 1858 facere
1697 1820 1708 1842 :
1728 1798 1881 1842 viribus
1888 1809 1963 1854 pa-

300 1875 449 1904 rantur
467 1897 478 1916 ‚
499 1863 588 1918 jure
609 1864 836 1904 retinentur.
884 1857 956 1903 cui
972 1873 1063 1903 non
1080 1855 1295 1903 diffimile
1306 1857 1426 1920 apud
1445 1856 1623 1904 Livium
1640 1857 1751 1904 illud
1771 1872 1784 1903 :
1807 1860 1966 1918 facilim
1984 1864 2075 1899 Libro

297 1928 438 1981 parari
455 1924 604 1982 singula
629 1938 748 1981 quam
781 1925 903 1965 teneri
932 1923 1117 1972 universa
1133 1943 1144 1964 .·
1179 1920 1228 1965 &
1247 1919 1428 1979 Augusti
1448 1918 1617 1966 distum
1647 1920 1765 1981 apud
1786 1918 1963 1966 Plutar-
1986 1917 2142 1947 '‘xx‘'ss·

303 1982 441 2028 chum
461 1998 472 2029 :
501 1981 625 2038 μέζον
641 1978 850 2041 {³⁶22de
863 1976 1045 2037 μεμέλῦμ
1061 1979 1253 2036 ὑγμθνίοιν
1271 1982 1311 2023 τὲ
1320 1974 1589 2038 Δις-ῶίξωιτῖιό
1603 1981 1848 2038 &timeo-ow.
1869 1982 1964 2029 Da-

308 2045 365 2091 rii
384 2047 503 2109 regis
522 2045 658 2109 legati
677 2044 940 2091 Alexandro
959 2060 970 2092 ζ
1005 2050 1257 2105 Periculosum
1273 2050 1323 2104 est
1329 2052 1569 2108 peregrinum
1580 2053 1778 2107 imperium
1790 2068 1801 2090 .-
1837 2046 1968 2104 diffici-

304 2109 339 2152 le
356 2111 405 2165 est
419 2113 602 2156 continere
615 2111 717 2169 quod
727 2122 852 2168 capere
873 2126 949 2154 non
958 2105 1082 2169 poffis.
1117 2110 1278 2155 Facilius
1293 2113 1342 2167 est
1359 2111 1525 2170 quadam
1544 2114 1694 2154 vincere
1704 2126 1821 2172 quam
1834 2114 1936 2152 tueri
1952 2130 1966 2151 .-

303 2186 422 2230 quam
440 2171 598 2215 Hercule
613 2173 822 2230 expeditius
832 2188 971 2214 manus
986 2174 1108 2227 nostra
1122 2176 1306 2230 recipiunt
1318 2189 1436 2233 quam
1453 2176 1656 2217 continent.
1665 2168 1807 2231 Qod
1824 2168 1848 2195 *
1866 2166 1962 2214 Ca-

304 2231 430 2278 lanus
448 2230 583 2277 Indus
606 2232 654 2276 δε
671 2245 773 2276 ante
790 2246 893 2276 eum
909 2229 1124 2278 Oebarus
1158 2231 1275 2293 Cyri
1293 2233 1462 2279 amicus
1476 2230 1758 2294 explicabant
1777 2232 1891 2276 corii
1910 2230 1964 2275 fi-

305 2293 562 2340 militudine
576 2331 587 2349 ‚
613 2293 745 2354 quod
762 2291 846 2338 alia
861 2307 990 2353 parte
1002 2293 1047 2340 se
1062 2294 1195 2341 tollat
1223 2294 1350 2341 simul
1368 2295 1499 2341 aliam
1516 2293 1630 2355 pede
1646 2292 1843 2357 presseris
1868 2307 1880 2338 ε
1902 2291 1961 2336 Et

305 2355 370 2403 T.
393 2356 604 2414 Quintius
622 2354 743 2417 apud
759 2352 941 2400 Livium
958 2359 1301 2421 comparatione
1318 2355 1545 2404 testudinis
1572 2369 1675 2402 tutae
1692 2354 1748 2400 ad
1766 2353 1876 2400 istus
1888 2352 1961 2399 ubi
1983 2382 2094 2417 Livim
2121 2382 2198 2415 libro

306 2417 500 2464 collecta
514 2418 556 2463 in
575 2416 700 2463 suum
716 2430 899 2478 tegmen
915 2417 990 2475 est,
1011 2419 1226 2466 obnoxiae
1241 2433 1375 2481 atque
1389 2419 1566 2465 infirmae
1585 2415 1709 2463 fimul
1723 2415 1965 2462 exseruerit
1984 2438 2073 2463 xxvi
2089 2438 2096 2461 ι
2112 2440 2141 2463 ι.

307 2479 370 2527 sui
388 2494 582 2542 partem.
630 2478 762 2525 Plato
785 2493 805 2522 1
819 2493 840 2523 1
852 2494 873 2523 1
890 2478 948 2524 de
964 2479 1138 2543 legibus
1167 2483 1256 2528 huc
1272 2495 1393 2544 aptat
1411 2478 1601 2526 Hesiodi
1616 2477 1783 2524 elifium
1801 2494 1812 2525 ε
1849 2484 1965 2523 Omni
1983 2478 2050 2509 W·
2065 2476 2168 2510 Max·

307 2545 515 2589 dimidium
523 2546 622 2602 plus.
642 2538 700 2588 Et
718 2540 789 2602 Ap
825 2541 944 2589 ianus
961 2557 1090 2589 notat
1108 2559 1200 2590 non
1219 2560 1386 2604 paucos
1397 2541 1590 2606 populos
1609 2542 1683 2602 qui
1701 2539 1778 2586 sub
1787 2540 1964 2587 Roma·
1988 2532 2043 2567 Π*
2067 2532 2098 2558 ¹·

309 2620 372 2653 no
401 2604 594 2666 imperio
619 2602 703 2649 effe
733 2617 788 2647 ve
808 2602 897 2649 lent
915 2642 927 2660 ‚
958 2603 1014 2651 ab
1030 2604 1131 2666 ipsis
1146 2607 1406 2666 repudiatos
1432 2620 1444 2653 ε
1476 2603 1568 2649 aliis
1582 2603 1719 2649 etiam
1737 2617 1865 2665 reges
1881 2600 1962 2648 da-

308 2681 399 2714 tos.
435 2664 648 2728 Scipione
666 2663 884 2712 Africano
915 2666 1062 2724 judice
1075 2669 1170 2727 jam
1187 2667 1271 2716 suis
1301 2664 1580 2727 temporibus
1605 2678 1778 2711 tantum
1812 2665 1965 2710 Roma

308 2727 566 2794 poffidebat
585 2765 597 2783 ,
633 2742 682 2774 ut
700 2725 886 2773 avidum
903 2728 1008 2775 esset
1025 2732 1262 2792 quicquam
1280 2734 1395 2778 ultra
1406 2741 1629 2791 appetere,
1648 2725 1825 2773 abunde
1837 2725 1966 2777 felix,

309 2792 341 2839 fi
363 2791 473 2837 nihil
490 2807 549 2836 ex
567 2805 622 2835 eo
655 2787 783 2851 quod
811 2787 1048 2838 obtinebat
1067 2796 1318 2840 amitteret.
1351 2790 1569 2852 Itaque&
1589 2788 1710 2834 lustri
1738 2788 1964 2835 condendi

309 2868 493 2900 carmen
511 2868 603 2913 quo
620 2851 700 2898 Dii
717 2849 990 2913 rogabantur
1005 2869 1053 2900 ut
1069 2870 1140 2901 res
1163 2855 1319 2919 populi
1332 2852 1528 2900 Romani
1546 2850 1759 2898 meliores
1770 2850 1964 2913 amplio-

309 2917 468 2976 resque
483 2913 681 2961 facerent
697 2951 711 2970 ,
743 2914 805 2959 ita
816 2915 1078 2964 emendavit
1094 2933 1298 2980 precatus
1313 2931 1362 2963 ut
1390 2930 1462 2962 eas
1478 2926 1698 2976 perpetuo
1713 2913 1962 2961 incolumes

310 2977 553 3026 servarent.

378 3038 422 3084 V
439 3039 493 3085 ΙΙ
513 3039 548 3084 Ι.
585 3035 916 3085 Lacedaemonii
956 3039 1006 3085 δε
1033 3040 1162 3087 initio
1193 3036 1477 3088 Athenienses
1497 3040 1540 3085 in
1586 3036 1737 3100 'captas
1755 3038 1960 3084 civitates

312 3102 483 3149 nullum
511 3099 589 3146 fibi
606 3098 895 3148 vindicabant
923 3103 1161 3163 imperium
1179 3120 1193 3152 ε
1225 3116 1395 3149 tantum
1413 3117 1486 3147 eas
1505 3101 1734 3162 republica
1750 3100 1817 3145 uti
1831 3098 1961 3145 vole·
1979 3095 2056 3128 Thu·
2076 3103 2108 3130 ¹·
2122 3094 2197 3138 'fi‘-

311 3164 424 3211 bant
440 3163 500 3209 ad
523 3161 644 3208 suam
663 3164 1013 3210 accommodata
1031 3203 1043 3219 ,
1074 3163 1403 3212 Lacedaemonii
1451 3163 1602 3210 uidem
1619 3161 1695 3209 sub
1711 3163 1960 3224 primorum
1979 3143 2173 3222 ffjssssf’ssg

312 3226 536 3337 Βοιωτία,
553 3223 839 3270 Athenienses
857 3223 932 3272 sub
949 3225 1138 3273 arbitrio
1157 3226 1325 3291 populi,
1343 3240 1393 3272 ut
1405 3181 1961 3287 {hucydidesjsocrates
1980 3235 2082 3278 σκηνῇ
2097 3236 2197 3272 Diod.

368 3287 646 3336 emosthenes
660 3301 744 3334 nos
759 3285 927 3335 docent
941 3326 954 3347 ‚
972 3289 1063 3353 ipse
1077 3304 1210 3402 etiffii
1228 3287 1488 3337 Aristoteles
1505 3289 1654 3351 quarti
1665 3287 1725 3335 de
1739 3285 1966 3355 republica
1983 3283 2094 3365 13⁶3(ss
2102 3290 2112 3315 ¹
2124 3291 2138 3317 ¹
2150 3291 2164 3317 1

1213 3367 1260 3400 m
1295 3362 1321 3410 ς
1818 3361 1965 3412 capite
2096 3352 2110 3365 “
