2380 3917
339 277 415 311 :20
753 272 1612 318 DEIVREBELLI

344 360 445 390 cam
466 343 614 402 legum
633 337 853 384 beneficio
875 375 885 392 ,
905 352 1096 397 quarum
1126 353 1179 384 ea
1195 337 1258 384 est
1272 338 1472 388 efficacia
1486 379 1498 399 ‚
1515 357 1563 388 ut
1577 340 1698 402 quod
1713 356 1795 406 per
1813 341 1858 391 se
1869 344 2016 392 hone»-

346 407 458 453 stum
477 404 535 450 est
555 403 599 449 id
615 400 792 447 efficere
811 398 976 461 possint
995 401 1137 447 ctiam
1155 402 1461 450 necessarium.
1495 403 1658 450 Verum
1676 405 1768 453 haec
1784 407 2014 458 sententia,

345 471 408 515 ita
422 466 691 532 generaliter
705 479 754 509 ut
772 463 828 509 ab
846 461 943 523 ipso
962 463 1147 510 effertur
1161 465 1603 528 accepta‚'cons1stere
1620 482 1712 514 non
1727 469 1894 532 potest.
1920 469 2022 517 Pri-

346 531 469 577 mum
486 532 602 575 enini
622 527 814 588 sequitur
827 524 930 571 inde
946 528 1204 590 interreges
1222 530 1271 574 δέ
1289 529 1480 591 populos
1504 528 1709 578 diversos
1728 569 1740 587 ‚
1759 530 2018 594 pastorum,

349 593 570 655 quamdiu
588 590 694 636 nihil
706 605 764 635 ex
776 591 828 636 iis
848 590 1088 653 praestitum
1109 590 1170 637 est
1188 629 1199 648 ‚
1217 591 1404 639 vimeffe
1417 591 1611 645 nullam,
1623 591 1866 654 praesertim
1899 595 1955 642 iis
1970 595 2020 640 in

351 658 462 703 locis
480 656 553 702 ubi
572 653 690 699 nulla
727 667 852 699 certa
888 652 1044 701 forma
1075 652 1286 701 federum
1307 669 1385 701 aut
1402 653 1691 718 sponsionum
1727 670 1907 721 reperta
1939 656 2016 705 est.

349 720 474 767 Tum
500 732 610 764 vcro
643 717 759 762 ratio
778 716 898 765 nulla
916 718 1102 782 reperiri
1118 719 1285 781 potest⁷
1316 733 1396 765 cur
1408 717 1533 783 leges
1549 756 1563 775 ,
1583 734 1676 781 quae
1693 719 1814 782 quast
1831 718 2014 782 paCtum

116 786 209 820 Rha.
227 791 324 819 ΜΝ·
349 796 591 830 commune
607 778 704 826 sunt
724 781 913 842 populi,
933 796 1070 844 atque
1081 780 1172 827 hoc
1185 782 1360 828 nomine
1389 795 1608 830 vocantur
1628 781 1689 830 ab
1707 782 1950 830 Aristotele
1965 783 2017 830 δε

354 844 665 894 Demosthene
683 882 694 900 ,
717 842 1050 909 obligationem
1065 844 1204 908 pastis
1213 843 1378 909 poffint
1394 842 1567 892 addere
1581 881 1595 901 ,
1632 844 1844 893 voluntas
1861 860 2018 894 autem

353 911 564 970 cujusque
600 908 690 953 hoc
722 907 1015 955 omnimodo
1040 923 1064 954 a
1099 909 1206 955 entis
1229 922 1276 954 ut
1297 906 1341 955 se
1355 905 1532 972 obliget
1551 947 1566 966 ,
1601 907 1727 955 idem
1746 924 1840 956 non
1857 909 2014 973 poffir,

117 987 152 1018 L.
171 990 201 1018 2.
217 984 265 1017 r).
290 982 325 1016 de
379 974 563 1034 raecipue
580 970 657 1016 ubi
669 971 744 1017 lex
759 971 905 1018 civilis
934 973 1051 1034 impe
1089 971 1300 1018 ‘mentum
1328 987 1418 1018 non
1434 969 1581 1018 affert.
1611 970 1749 1019 Adde
1773 971 1901 1035 quod
1928 989 2016 1022 vo-

114 1031 242 1077 lfs‘bffl·
348 991 518 1084 funtate
538 1032 811 1081 sufficienter
826 1034 1011 1099 significa
1019 1046 1063 1081 ta
1076 1031 1304 1082 transferri
1321 1035 1385 1081 rei
1400 1032 1656 1083 dominium
1669 1037 1827 1098 potest,
1841 1050 1893 1084 ut
1909 1050 2014 1084 ante

348 1101 548 1148 diximus
574 1134 583 1143 .
603 1097 714 1160 quid
730 1100 775 1144 ni
792 1113 906 1162 ergo
919 1096 1057 1158 poffit
1088 1095 1381 1146 transferri&
1396 1097 1469 1156 jus
1489 1099 1533 1145 in
1549 1097 1791 1162 personam
1808 1136 1822 1155 ‚
1843 1112 1921 1146 aut
1950 1098 2013 1146 ad

349 1162 714 1212 transferendum
730 1160 1013 1219 dominium(
1024 1159 1148 1224 quod
1163 1162 1233 1220 jus
1248 1158 1342 1224 ipso
1358 1159 1568 1208 dominio
1583 1162 1732 1208 minus
1749 1161 1838 1222 est)
1857 1175 1932 1209 aut
1950 1160 2014 1210 ad

349 1225 520 1288 aliquid
535 1223 763 1289 agendum
789 1264 802 1283 ‚
817 1223 975 1286 quippe
991 1239 1093 1272 cum
1107 1224 1153 1270 in
1167 1222 1364 1271 actiones
1393 1222 1561 1272 nostras
1578 1239 1662 1289 par
1677 1225 1746 1284 jus
1760 1223 2013 1273 habeamus

114 1301 136 1331 's
151 1296 205 1328 pn
222 1295 323 1329 md}-
349 1305 482 1353 atque
500 1291 544 1334 in
563 1304 634 1336 tes
651 1285 847 1338 nostras?
864 1285 1053 1335 Accedit
1068 1287 1138 1334 his
1169 1286 1195 1313 *
1229 1285 1474 1350 lapientum
1490 1285 1726 1336 consensus
1744 1302 1874 1337 :nam
1921 1302 2011 1335 uo-

112 1342 330 1424 ΞὟᾞἿῩ·
351 1351 498 1400 modo
514 1351 677 1398 dicitur
692 1357 718 1401 a
743 1346 1057 1398 Iurisconsultis
1075 1388 1086 1408 ‚
1105 1350 1215 1398 nihil
1229 1350 1313 1398 effe
1322 1362 1417 1397 tam
1431 1351 1638 1399 naturale
1655 1389 1669 1410 ,
1686 1366 1822 1415 quam
1844 1366 1906 1399 vo
1928 1367 2012 1398 un-

137 1403 151 1421 Ε
165 1403 223 1425 ’”“
258 1389 332 1433 ’Μ’
349 1430 490 1464 tatem
506 1414 683 1462 domini
697 1412 886 1463 volentis
903 1427 1000 1460 rem
1022 1412 1147 1462 suam
1163 1415 1208 1461 in
1222 1414 1359 1461 alium
1397 1412 1641 1462 transferre
1669 1428 1816 1462 ratam
1831 1413 2009 1472 haberi,

115 1489 133 1520 t
159 1490 196 1521 L.
216 1497 243 1522 ι.
261 1491 307 1523 D.
346 1478 515 1526 eodem
552 1478 694 1526 modo
728 1475 893 1523 dicitur
923 1474 951 1526 †
984 1477 1094 1525 nihil
1119 1478 1205 1526 effe
1236 1490 1332 1525 tam
1362 1492 1449 1525 con
1484 1491 1617 1525 tuum
1656 1476 1763 1524 fidei
1781 1477 2006 1537 humanae,

112 1535 266 1580 ³⁶·P25321·
347 1557 479 1604 quaxn
495 1556 545 1587 ea
561 1558 652 1605 quae
675 1541 792 1587 inter
818 1555 898 1586 cos
928 1540 1194 1605 placuerunt
1223 1540 1415 1588 servare.
1481 1541 1523 1588 ic
1535 1539 1733 1588 edistum
1749 1539 1809 1587 de
1818 1540 2010 1604 pecunia

345 1603 580 1651 constituta
607 1644 617 1660 ,
634 1604 711 1651 ubi
729 1601 841 1650 nulla
865 1604 910 1649 in
929 1602 1228 1651 constituente
1243 1602 1438 1651 debendi
1452 1602 1581 1653 causa
1602 1602 1878 1668 praecesserat
1892 1618 2010 1667 prae-

116 1675 152 1706 L·
171 1680 198 1706 ¹-
214 1675 258 1705 Dv
274 1671 312 1703 ὼ
349 1681 417 1713 ter
438 1665 713 1723 consensum,
733 1664 889 1713 favere
907 1665 1074 1714 dicitur
1103 1666 1295 1714 naturali
1309 1668 1519 1730 aequitati.
1553 1666 1718 1716 Paulus
1763 1682 1918 1729 uoque
1932 1665 2010 1714 Iu-

109 1719 326 1799 {‘⁶JI'⁷7·n‘2'2f-·
348 1729 624 1777 risconsultus
641 1745 743 1776 eum
766 1730 829 1777 ait
856 1743 1016 1778 natura
1031 1728 1202 1777 debere
1218 1744 1355 1794 quem
1374 1732 1469 1789 jure
1499 1731 1705 1797 gentium
1767 1745 1842 1778 are
1856 1744 2003 1795 opor-

109 1785 205 1859 [ξι-’,κζ
230 1816 277 1846 D,
293 1785 333 1846 ἇς»
353 1807 420 1840 tet
438 1832 448 1851 ,
482 1795 602 1853 cujus
631 1792 767 1840 fidem
796 1793 936 1841 secuti
970 1791 1146 1842 sumus:
1177 1809 1274 1855 quo
1307 1793 1352 1840 in
1364 1792 1473 1841 loco
1489 1795 1687 1858 primum
1705 1809 1802 1842 vox
1819 1830 1833 1850 ‚
1861 1808 2007 1859 opor-

116 1873 174 1908 rcg.
186 1864 280 1907 jum.
350 1870 419 1902 tet
440 1895 451 1912 ‚
471 1855 764 1903 necessitatem
784 1856 1011 1918 quandam
1028 1854 1253 1903 moralem
1270 1855 1482 1916 fignificat
1498 1881 1511 1904 .·
1542 1872 1686 1920 neque
1705 1872 1817 1905 vero
1834 1856 2010 1903 admit-

345 1919 535 1966 tendum
549 1919 609 1966 est
626 1918 752 1981 quod
767 1921 827 1967 ait
839 1917 1089 1967 Connanus
1106 1956 1119 1976 ,
1137 1918 1278 1966 fidem
1297 1907 1471 1968 secutos
1487 1935 1571 1967 nos
1585 1917 1751 1968 censeri
1762 1919 1840 1967 ubi
1852 1934 1923 1967 res
1934 1921 2006 1966 in-

346 1997 478 2046 tegra
495 1982 578 2030 esse
595 1981 717 2029 desiit
737 1998 748 2029 :
773 1981 933 2047 agebat
946 1984 1066 2029 enim
1083 1997 1145 2029 eo
1160 1982 1271 2030 loco
1293 1981 1455 2030 Paulus
1474 1981 1535 2030 de
1558 1980 1843 2031 condietione
1872 1981 2006 2030 inde-

345 2044 458 2103 biti,
486 2063 576 2108 quae
593 2043 720 2092 cessat
744 2045 774 2094 si
799 2063 856 2093 ex
871 2045 1172 2109 qualicunque
1203 2044 1338 2108 pasto
1357 2044 1551 2093 solutum
1583 2045 1692 2110 quid
1708 2045 1775 2096 fit,
1791 2046 1895 2108 quia
1909 2048 2006 2106 jam

344 2124 445 2155 ante
463 2124 509 2155 re
527 2109 672 2155 adhuc
683 2111 866 2174 integra,
877 2122 1041 2156 naturae
1054 2125 1106 2155 ac
1122 2110 1325 2172 gentium
1340 2109 1439 2169 jure
1453 2108 1552 2156 dari
1564 2107 1824 2173 oportebat,
1838 2110 2004 2156 etiam-

347 2172 376 2217 si
392 2171 464 2219 lex
481 2173 622 2219 civilis
653 2171 708 2219 ad
725 2170 1067 2237 praescindendas
1082 2172 1230 2218 litium
1258 2171 1517 2220 occasiones
1534 2171 1748 2220 auxilium
1764 2170 1894 2218 suum
1910 2186 2005 2217 non

113 2254 165 2288 De
175 2252 235 2298 off.
249 2255 278 2288 l.
299 2262 329 2292 1.
346 2235 586 2297 praestabat.
605 2234 674 2281 M.
692 2250 839 2282 autem
852 2234 1030 2281 Tullius
1046 2236 1091 2281 in
1103 2235 1268 2282 officiis
1283 2249 1454 2283 tantam
1467 2233 1695 2299 promissis
1710 2235 1803 2281 vim
1823 2232 2001 2290 tribuit,

347 2313 393 2343 ut
413 2297 757 2345 fundamentum
785 2298 955 2358 justitiae
972 2297 1110 2345 fidem
1126 2297 1325 2362 appellet
1342 2336 1354 2355 ‚
1370 2314 1507 2362 quam
1544 2300 1593 2345 &
1607 2297 1776 2357 justitiae
1792 2296 2004 2344 sororem

116 2378 185 2417 Ap.
201 2377 239 2408 de
251 2377 321 2410 Pla.
342 2362 458 2408 dixit
476 2360 697 2408 Horatius
716 2400 727 2417 ,
745 2364 794 2408 &
809 2360 1024 2408 Platonici
1042 2360 1150 2425 saepe
1167 2360 1377 2419 justitiam
1410 2376 1577 2409 vocant
1594 2359 1799 2417 ἀλήθειαν,
1819 2357 1942 2423 quod
1953 2358 2004 2405 fi-

112 2431 193 2453 'W-
342 2424 579 2471 delitatem
597 2424 812 2471 transtulit
831 2423 1062 2487 Apulejus:
1076 2439 1130 2472 ac
1141 2422 1406 2471 Simonides
1416 2423 1630 2484 justitiam
1649 2422 2003 2479 definiebat,non

110 2469 225 2557 {Jpss'
245 2471 280 2503 ἐξ
344 2487 491 2533 modo
512 2502 747 2549 acceptum
762 2487 837 2534 red
846 2487 954 2532 dere
972 2525 984 2542 ,
999 2485 1069 2533 sod
1101 2488 1149 2532 δε
1167 2503 1327 2535 verum
1343 2485 1511 2533 dicere.
1542 2485 1636 2534 Sed
1654 2500 1702 2533 ut
1719 2485 1834 2532 bene
1849 2502 1920 2533 res
1933 2487 2004 2532 in-

342 2551 583 2612 telligatur,
601 2550 894 2612 distinguendi
908 2547 1005 2596 sunt
1023 2548 1261 2613 diligenter
1274 2563 1366 2596 tres
1381 2549 1548 2615 gradus
1561 2548 1778 2614 loquendi
1794 2547 1852 2596 de
1867 2546 2002 2597 rebus

343 2612 505 2660 futuris
524 2631 617 2674 qua:
635 2614 789 2660 nostrae
803 2613 898 2660 sunt
910 2612 1152 2675 potestatis,
1171 2628 1248 2660 aut
1266 2611 1368 2659 fore
1384 2627 1611 2676 putantur.

407 2676 425 2722 I
446 2675 478 2720 1.
518 2676 691 2723 Primus
709 2677 875 2738 gradus
904 2675 965 2722 est
982 2675 1153 2723 affertio
1183 2675 1411 2739 explicans
1434 2675 1493 2722 de
1525 2674 1683 2723 futuro
1705 2677 1905 2723 animum
1922 2676 2001 2738 qui

341 2755 452 2786 nui-ic
470 2738 528 2784 est
549 2757 556 2786 t
574 2741 620 2786 ἅτ
633 2738 690 2786 ad
709 2741 833 2793 lianc,
850 2752 900 2784 ut
921 2740 1036 2784 vitio
1053 2754 1196 2786 careat
1213 2778 1224 2796 ,
1256 2739 1500 2801 requiritur
1512 2741 1673 2788 veritas
1701 2740 2001 2802 cogitationis

344 2818 426 2862 pro
444 2816 650 2864 tempore
675 2801 894 2862 pmscmi,
922 2817 1013 2848 non
1032 2817 1176 2849 autem
1192 2817 1239 2849 ut
1259 2803 1300 2848 in
1314 2818 1366 2848 ea
1383 2803 1663 2865 cogitatione
1678 2804 1999 2865 perseveretur.

339 2865 495 2911 Habet
514 2867 632 2911 enim
650 2867 820 2911 animus
838 2865 1057 2912 humanus
1072 2882 1157 2911 non
1169 2879 1344 2912 tantum
1358 2865 1602 2912 naturalem
1633 2867 1882 2930 potentiam
1898 2881 2001 2912 mu-

338 2929 460 2973 tandi
479 2928 711 2974 confilium
736 2967 746 2984 ‚
761 2927 834 2972 sed
856 2928 903 2973 &
919 2929 1002 2984 ius.
1039 2928 1177 2991 Qod
1195 2928 1224 2975 fi
1241 2929 1284 2973 in
1302 2928 1557 2974 mutatione
1587 2928 1808 2976 sententiae
1835 2930 1998 2976 vitium

341 2990 393 3035 sit
409 2992 609 3050 aliquod,
626 3006 673 3036 ut
690 2989 857 3037 accidit
878 3028 888 3044 ,
907 2990 954 3035 id
974 3006 1064 3036 non
1078 2990 1139 3038 est
1151 2988 1435 3038 intrinsecum
1445 2992 1688 3040 mutationi
1705 3031 1717 3050 ,
1734 2991 1810 3040 sed
1823 3008 1882 3039 ex
1898 3007 1998 3040 ma-

342 3054 470 3099 teria,
495 3068 600 3109 pura
615 3057 718 3114 quia
737 3054 864 3115 prior
881 3051 1089 3100 sententia
1102 3069 1193 3100 erat
1207 3052 1390 3101 melior.

408 3115 427 3159 I
449 3116 466 3160 Ι
487 3117 521 3160 Ι.
558 3115 785 3162 Secundus
802 3114 971 3179 gradus
1000 3115 1061 3162 est
1075 3154 1086 3172 ‚
1102 3132 1201 3163 cum
1236 3116 1449 3164 voluntas
1481 3117 1524 3165 se
1550 3119 1687 3181 ipsam
1720 3135 1806 3183 pro
1837 3117 1998 3165 futuro

341 3192 550 3235 tempore
565 3178 836 3224 <lc-terminat
858 3216 866 3231 ‚
884 3194 987 3224 cum
1004 3178 1126 3240 signo
1146 3178 1385 3226 sufficiente
1402 3180 1463 3227 ad
1486 3182 1770 3232 indicandam
1789 3180 1998 3244 perseve-

348 3240 466 3284 randi
489 3241 809 3288 necelsitatem.
831 3239 889 3286 Et
907 3242 997 3287 haec
1015 3241 1283 3302 pollicitatio
1298 3242 1387 3289 dici
1405 3245 1567 3305 potest,
1586 3263 1678 3308 quae
1691 3244 1880 3307 seposita
1895 3245 1996 3308 lege

345 3304 463 3351 civili
480 3302 652 3373 obligat
671 3304 872 3368 quidem,
886 3318 963 3355 aut
977 3302 1196 3368 absolute,
1210 3320 1286 3356 aut
1299 3305 1379 3355 sub
1393 3306 1656 3357 conditione
1673 3347 1687 3369 ,
1711 3306 1789 3356 sed
1805 3309 1874 3368 jus
1889 3322 1998 3369 pto-

1840 3384 1994 3435 prium
