2380 3917
365 351 442 394 476
782 334 1633 377 nexvnnnsttx

369 419 468 460 tucri
480 416 640 471 nesciat.
675 405 767 453 Sed
788 407 836 452 &
851 421 928 451 eas
945 402 1099 448 Gallia:
1113 417 1261 466 partes
1278 417 1390 464 quas
1415 396 1558 445 Gallis
1589 398 1844 460 eripuerant
1862 398 2048 450 Cimbri

371 474 567 521 Romani
586 487 670 533 pro
688 469 774 516 suis
791 468 1002 514 habuere.
1331 525 1340 531 ⁵

437 535 476 582 V
501 535 601 581 111.
636 533 835 580 Gravior
848 528 1095 592 disputatio
1110 526 1172 573 est
1195 564 1207 582 ‚
1241 526 1311 572 cui
1329 540 1371 569 in
1387 522 1511 571 bello
1525 523 1710 588 publico
1729 540 1782 572 ac
1797 523 1962 573 solenni
1976 541 2050 574 res

374 599 566 645 hostium
584 598 837 658 acquiratur
861 593 937 657 ipsi
959 606 1014 636 ne
1032 590 1205 653 populo
1238 629 1250 645 ‚
1266 605 1323 636 an
1337 586 1515 653 singulis
1538 589 1617 650 qui
1646 588 1705 634 de
1718 589 1891 652 populo
1908 590 2049 635 autin

142 679 230 711 nm.
242 672 311 706 aa!
373 662 544 726 populo
577 659 689 706 sunt.
714 655 857 704 Valde
885 656 1004 703 enim
1033 655 1103 700 liic
1123 654 1296 700 variant
1313 653 1589 698 recentiores
1619 652 1726 712 juris
1761 652 2046 714 interpretes,

140 723 181 755 δ”
196 722 272 770 9,··”“”
283 720 355 751 ‘’‘1‘0
375 739 572 787 quorum
591 723 751 785 pleriq;
768 736 874 766 cum
892 720 936 764 in
953 718 1055 776 jure
1068 718 1283 763 Romano
1303 712 1504 777 legissent
1519 728 1652 776 capta
1668 715 1945 777 capientium
1963 715 2046 760 lie-

142 771 243 847 Ditss
256 777 338 845 ‘gi‘
379 790 432 843 ri,
456 789 496 833 in
513 785 753 832 Canonum
773 797 922 828 autem
936 796 1136 842 corpore
1153 778 1355 826 distribui
1368 777 1566 839 praedam
1580 777 1766 839 publico
1781 775 2050 830 arbitrio,a-

142 838 354 904 741va-
378 851 421 895 lii
441 849 537 912 post
554 848 667 894 alios
681 885 692 901 ,
712 862 759 892 ut
789 845 881 891 fieri
912 843 1027 890 solet
1044 880 1055 895 ‚
1088 844 1301 890 dixerunt
1318 877 1329 892 ‚
1345 842 1494 905 primo
1508 856 1561 886 ac
1577 844 1676 899 jure
1687 838 1783 902 ipso
1802 840 1900 887 fieri
1915 854 2049 901 capta

141 909 181 941 4·
191 921 248 953 “⁹
274 906 344 950 ΡἸῙ·
376 913 646 970 singulorum
664 911 738 971 qui
755 924 891 954 manu
904 908 1087 968 capiunt
1105 946 1116 963 ‚
1132 920 1333 953 attamen
1347 903 1453 950 duci
1466 901 1731 967 assignanda
1741 903 1815 964 qui
1830 903 1947 949 inter
1961 905 2045 949 mi-

141 955 351 1037 Jfl'sse‘g't'i’sssss
375 964 473 1022 lites
490 972 720 1019 distribuat
740 989 750 1019 :
768 988 862 1034 quae
880 969 1092 1017 sententia
1107 986 1211 1016 cum
1229 980 1413 1030 recepta
1426 982 1519 1013 non
1533 966 1679 1012 minus
1697 981 1837 1027 quam
1852 964 1961 1013 falsa
1971 966 2041 1024 sit,

142 1055 177 1086 τ.
192 1028 274 1083 mein
290 1027 352 1089 φιλ
373 1040 461 1084 hoc
478 1037 724 1083 accuratius
737 1039 762 1082 a
780 1033 909 1080 nobis
925 1031 1166 1080 refutanda
1182 1031 1259 1088 est,
1280 1046 1330 1079 ut
1345 1030 1568 1092 specimen
1586 1027 1637 1075 fit
1648 1043 1785 1091 quam
1797 1043 1954 1092 parum
1969 1043 2044 1076 tu·-

141 1108 183 1128 ’κ
198 1096 334 1138 bamb*
375 1117 424 1146 to
438 1102 479 1146 in
497 1101 584 1146 hoc
601 1096 1010 1145 controversiarum
1031 1110 1195 1159 genere
1212 1095 1289 1142 tali
1305 1093 1567 1142 auctoritati
1584 1091 1811 1139 credatur.
1828 1091 2046 1138 Enimve-

133 1143 329 1235 5:22?ss-
375 1180 428 1210 ro
441 1162 737 1209 dubitandum
762 1175 853 1207 non
879 1159 940 1206 est
966 1162 1073 1222 quin
1104 1160 1310 1271 {entium
1342 1154 1557 1203 consensu
1571 1155 1795 1202 utrumvis
1837 1156 2043 1224 potuerit

141 1239 236 1277 reim.
252 1246 322 1277 νη.
373 1225 593 1281 constitui,
612 1240 686 1271 aut
705 1237 754 1269 ut
770 1237 901 1285 capta
918 1224 1089 1286 populo
1143 1223 1278 1269 ellum
1292 1220 1483 1286 gerenti,
1501 1232 1576 1265 aut
1595 1232 1646 1265 ut
1663 1218 1805 1265 cuivis
1817 1233 1895 1280 qui
1908 1234 2047 1264 manu

140 1284 313 1335 ⁷⁷'·,⁰'‘¹’'¹·
373 1305 548 1349 caperet
564 1290 608 1334 in
623 1287 879 1333 dominium
892 1285 1124 1333 cederent.
1140 1283 1233 1333 Sed
1251 1283 1361 1347 quid
1379 1282 1608 1330 voluerint
1623 1281 1860 1344 quaerimus
1875 1319 1888 1337 ‚
1908 1282 1958 1327 δε
1973 1279 2046 1327 di-

139 1330 355 1421 ξ’,ξωῖῗζ
374 1353 514 1398 cimus
527 1350 736 1415 gentibus
751 1349 958 1413 placuisse
971 1366 1019 1397 ut
1039 1366 1108 1396 res
1126 1348 1323 1396 hostium
1342 1345 1543 1416 hostibus
1564 1343 1700 1415 essent
1718 1359 1812 1390 non
1827 1343 1919 1391 alio
1936 1343 2047 1390 loco

141 1424 351 1458 Manum.
403 1432 504 1460 uam
518 1430 609 1477 quo
629 1414 726 1460 sunt
738 1428 809 1460 res
821 1412 994 1470 nullius,
1014 1428 1062 1461 ut
1079 1429 1138 1461 ex
1155 1412 1323 1460 Nervae
1334 1410 1414 1457 filii
1427 1408 1552 1455 disto
1573 1424 1670 1467 jam
1689 1421 1821 1455 antea
1837 1421 2047 1470 apertum

139 1470 264 1504 &hello
275 1482 344 1517 94
390 1480 575 1525 ecimus.

434 1542 453 1587 1
470 1541 529 1588 X.
553 1542 614 1588 At
628 1556 699 1587 res
713 1556 807 1602 quae
825 1537 986 1586 nullius
1003 1537 1116 1593 sunt,
1136 1539 1246 1585 fiunt
1258 1536 1443 1601 quidem
1468 1532 1844 1599 capientium,sed
1854 1549 1950 1581 tam
1962 1548 2046 1581 eo-

370 1621 471 1650 rum
489 1606 565 1665 qui
581 1619 660 1668 per
675 1604 805 1659 alios,
828 1619 966 1664 quam
978 1603 1057 1665 qui
1075 1617 1156 1664 per
1173 1601 1216 1649 se
1232 1604 1427 1662 capiunt.
1455 1600 1526 1646 Ita
1537 1615 1628 1645 non
1640 1597 1754 1645 servi
1771 1613 1949 1644 tantum
1966 1610 2046 1644 aut

368 1668 444 1713 filii
467 1705 475 1722 ‚
496 1667 570 1714 sed
587 1669 638 1712 &
667 1666 797 1712 liberi
813 1666 1023 1711 homines
1040 1666 1118 1726 qui
1146 1666 1191 1711 in
1227 1664 1440 1727 piscando
1462 1701 1474 1720 ,
1491 1660 1763 1722 aucupando
1782 1700 1794 1717 ,
1816 1659 2042 1716 venando,

365 1731 631 1792 margaritas
647 1727 844 1791 legendo
857 1743 1047 1790 operam
1080 1727 1201 1774 suam
1217 1726 1489 1774 addixerunt
1507 1725 1604 1772 aliis
1622 1763 1634 1780 ,
1653 1723 1802 1770 statim
1820 1722 1949 1786 quod
1968 1738 2047 1769 ac-

141 1795 302 1837 1„qu
368 1807 583 1854 ceperunt
602 1794 835 1853 acquirunt
858 1791 960 1855 ipsis
994 1789 1157 1854 quibus
1174 1806 1362 1853 operam
1381 1804 1563 1837 navant.
1609 1785 1898 1833 Modestinus
1916 1782 2047 1832 [uris-

138 1841 316 1919 ἔρξῃ·
372 1853 597 1901 consultus
613 1855 732 1901 reste
748 1853 897 1902 dixit:
924 1860 1028 1918 quod
1050 1858 1284 1901 naturaliter
1300 1860 1520 1917 acquiritur
1538 1890 1550 1906 ,
1583 1853 1691 1912 ficati
1718 1853 1767 1908 est
1790 1849 1963 1911 poffissio,
1973 1863 2047 1910 per

139 1912 314 1974 labsum.
326 1943 355 1969 2,
377 1920 577 1980 quemlibet
597 1921 810 1964 volentibus
822 1922 926 1964 nobis
937 1916 1111 1977 possidere
1125 1922 1383 1980 acquirimus:
1411 1916 1459 1961 &
1478 1913 1644 1963 Paulus
1673 1912 1868 1976 receptis
1881 1927 1894 1959 ἒ
1907 1914 2045 1972 Poffes-

141 1981 255 2020 1⁴³³·
267 1988 323 2023 ΡΗ
373 1982 514 2039 fionem
526 1988 758 2042 acquirimus
773 1986 904 2027 animo
922 1983 972 2035 <ly—
988 1994 1131 2041 corpore
1143 2003 1154 2024 .·
1189 1986 1322 2026 animo
1334 1987 1463 2041 utique
1477 1981 1596 2036 nostro
1608 2000 1620 2023 :
1655 1990 1797 2038 corpore
1833 1977 1900 2019 vel
1926 1976 2047 2031 mstro

138 2027 364 2113 Zoeurssfide
381 2047 444 2088 vel
471 2046 611 2087 alieno.
629 2041 756 2088 Idem
774 2041 830 2089 ad
845 2041 1041 2088 cdiCtum
1062 2058 1074 2089 2
1093 2051 1170 2088 Per
1177 2056 1461 2102 procuratorem
1480 2077 1488 2091 ,
1509 2056 1673 2087 tutorem
1689 2055 1949 2084 curatoremve
1959 2039 2046 2097 poſs·

139 2084 336 2165 tzzs'um.
362 2104 472 2165 sessio
482 2107 582 2149 nobis
595 2113 805 2168 acquiritur
817 2141 828 2154 ‚
857 2105 984 2167 quod
1012 2104 1209 2167 explicat
1238 2103 1267 2150 si
1286 2104 1334 2150 id
1351 2120 1404 2150 ea
1421 2118 1574 2150 mente
1588 2100 1756 2148 faciant
1786 2113 1837 2145 ut
1853 2113 2045 2162 operam

137 2179 200 2212 φα)
216 2170 259 2200 D·
277 2168 316 2197 de
371 2167 500 2213 nobis
521 2167 890 2213 accommodent.
927 2166 1001 2214 Sic
1025 2166 1148 2228 apud
1165 2167 1353 2214 Graecos
1386 2169 1462 2230 qui
1477 2168 1521 2212 in
1549 2163 1784 2227 Olympiis
1808 2160 2045 2209 certabant

137 2214 216 2294 ἴζζξ
233 2214 352 2294 “st'fffj
372 2231 551 2293 praemia
563 2230 847 2292 acquirebant
862 2231 914 2276 iis
930 2234 957 2278 a
973 2230 1138 2292 quibus
1155 2228 1468 2277 mittebantur.
1488 2228 1631 2274 Ratio
1647 2226 1724 2284 est,
1735 2226 1840 2290 quia
1855 2240 2041 2272 natura-

137 2287 351 2342 rmie'verb.
372 2295 472 2339 liter
488 2293 632 2339 homo
646 2293 838 2339 hominis
855 2293 1040 2339 alterius
1059 2294 1217 2340 volens
1235 2293 1433 2340 volentis
1446 2291 1785 2338 instrumentum
1803 2287 1866 2335 est
1890 2325 1903 2344 ,
1918 2302 1968 2334 ut
1991 2289 2042 2334 &

129 2355 237 2400 fimf·
371 2355 473 2402 alibi
492 2355 699 2403 diximus.
737 2357 891 2420 Qare
906 2356 1141 2403 discrimen
1160 2354 1285 2417 quod
1298 2356 1495 2403 traditur
1523 2357 1639 2402 inter
1654 2352 1819 2400 liberas
1831 2351 2043 2414 personas

137 2404 331 2493 ξωζ·ρῖρξ”
369 2422 416 2465 &
438 2417 614 2465 serviles
629 2421 745 2465 circa
771 2418 1098 2480 acquisitiones,
1120 2420 1228 2479 juris
1244 2419 1307 2466 est
1320 2419 1464 2466 civilis
1483 2417 1598 2465 &ad
1611 2416 1769 2465 civiles
1784 2413 2044 2476 acquisitio-

135 2498 225 2540 μαψ
245 2479 341 2533 <fes
369 2499 444 2528 nes
462 2482 645 2545 proprie
663 2483 856 2543 pertinet
870 2520 881 2537 ,
899 2497 948 2528 ut
970 2498 1028 2528 cx
1042 2482 1167 2528 disto
1184 2481 1433 2529 Modestini
1449 2481 1559 2528 loco
1574 2494 1785 2544 apparet:
1820 2480 1870 2525 δέ
1885 2491 2043 2526 tamen

138 2542 279 2586 qussam
292 2547 328 2578 de
369 2546 446 2590 has
463 2543 573 2606 ipsas
587 2544 778 2591 Severus
795 2545 1052 2604 Imperator
1068 2544 1222 2607 postea
1237 2546 1294 2592 ad
1312 2544 1580 2591 naturalium
1599 2541 1860 2605 exemplum
1877 2541 2044 2587 admo-

138 2591 215 2635 ΧΨ
230 2596 321 2628 ’“’”·
367 2610 431 2653 vit
450 2609 647 2667 propius,
666 2623 756 2653 non
770 2607 972 2653 utilitatis
987 2622 1179 2663 tantum,
1200 2625 1250 2655 ut
1270 2608 1360 2670 ipse
1378 2608 1619 2670 profitetur
1636 2643 1647 2662 ,
1666 2607 1846 2652 ratione
1866 2641 1878 2660 ,
1897 2602 1975 2649 sed
1990 2603 2042 2648 &

367 2668 736 2729 jurisprudenriae.
769 2668 964 2715 Semoto
997 2685 1112 2731 ergo
1126 2671 1247 2716 civili
1265 2671 1381 2729 jure,
1398 2670 1551 2715 locum
1567 2667 1707 2714 habet
1726 2665 1853 2730 quod
1874 2666 2041 2712 dicitur

370 2747 451 2793 per
471 2731 604 2776 alium
620 2730 768 2777 facere
786 2747 917 2793 quem
935 2731 1057 2792 posse
1071 2732 1196 2793 quod
1215 2732 1490 2796 perseipsum
1507 2730 1670 2794 potest,
1687 2731 1736 2776 &
1748 2729 1935 2790 perinde
1954 2726 2042 2774 esse

367 2809 448 2856 per
466 2792 507 2837 se
518 2795 613 2853 quis
626 2793 761 2840 faciat
777 2810 828 2839 an
843 2809 923 2854 per
941 2792 1092 2839 alium.

432 2854 500 2901 X.
537 2856 908 2919 Distinguendum
924 2870 1037 2916 ergo
1055 2857 1098 2901 in
1113 2854 1269 2901 nostro
1287 2856 1476 2918 negotio
1495 2855 1612 2901 inter
1631 2853 1754 2901 astus
1769 2870 1876 2902 vere
1890 2853 2038 2918 publi·

368 2934 447 2964 cos
468 2918 585 2974 belli,
605 2921 651 2963 &
669 2910 784 2965 inter
799 2917 922 2965 astus
941 2919 1143 2978 privatos
1158 2919 1231 2979 qui
1248 2918 1357 2964 liunt
1374 2918 1610 2964 occasione
1623 2917 1726 2964 belli
1746 2918 1912 2981 publici
1932 2933 1942 2965 ε
1958 2933 2040 2981 per

370 2981 456 3027 bos
473 2981 593 3026 aetus
611 2984 795 3042 privatis
813 2997 882 3027 res
897 2983 1106 3041 quaritur
1139 2981 1291 3040 primo
1308 2997 1359 3028 ac
1375 2981 1544 3027 direCie
1562 2999 1572 3029 :
1604 2997 1683 3044 per
1702 2982 1806 3028 illos
1819 2980 1941 3028 actus
1957 2998 2040 3046 po-

139 3043 214 3080 La'v.
227 3056 309 3082 xxx.
371 3044 495 3106 pulo.
510 3044 577 3089 Ex
597 3044 684 3089 hoc
701 3046 902 3107 gentium
914 3047 1009 3103 jure
1026 3042 1181 3106 Scipio
1200 3045 1294 3108 agit
1311 3061 1414 3091 cum
1437 3043 1659 3091 Masinissa
1686 3043 1807 3108 apud
1820 3043 2003 3091 Livium
2020 3058 2037 3092 ε

371 3110 517 3167 syphax
527 3112 651 3167 populi
666 3116 827 3153 Romane
847 3113 1014 3167 auspicii,
1048 3112 1172 3151 vidus
1192 3112 1388 3170 captusque
1410 3110 1472 3163 est.
1503 3118 1635 3170 Itaque
1651 3113 1723 3171 ipse
1753 3145 1765 3163 ,
1785 3114 1945 3167 conjux,
1980 3126 2039 3154 re·-

364 3163 495 3227 g}2um,
513 3188 611 3228 ager,
633 3174 776 3228 oppida,
795 3175 961 3214 homines
976 3175 1041 3229 qni
1056 3172 1240 3222 incolunt,
1254 3174 1434 3233 quicquid
1450 3175 1607 3234 denique
1623 3175 1793 3236 Syphacis
1799 3176 1896 3233 fiat,
1911 3171 2039 3229 prada

361 3247 420 3289 po:
433 3236 483 3274 :dr
506 3240 665 3276 Romani
682 3238 745 3275 es'l.
766 3231 869 3276 Nec
883 3232 1009 3276 aliter
1031 3230 1278 3277 Antiochus
1296 3233 1490 3294 Magnus
1509 3233 1908 3296 argumentabatur
1924 3231 2039 3278 Coe-

373 3292 437 3336 len
458 3292 629 3352 Syriam
652 3292 822 3340 Seleuci
851 3293 1013 3339 fastam
1034 3310 1122 3338 non
1147 3292 1405 3349 Ptolemaei}
1424 3312 1482 3342 co
1503 3296 1628 3358 quod
1661 3295 1839 3343 Seleuci
1865 3295 2037 3341 bellum

370 3354 528 3422 fuissit,
545 3357 617 3403 cui
633 3354 900 3407 Ptolemaeus
916 3356 1109 3407 navasset
1128 3371 1334 3422 operam.
1349 3357 1550 3409 Historia
1565 3360 1628 3408 cst
1644 3359 1762 3425 apud
1790 3357 2037 3469 Psslisbifpm

368 3431 544 3477 quinto,
1901 3456 1910 3468 .
1989 3434 2039 3467 es
