2475 3854
633 260 1610 312 Acrac18,1.'113.111.
1856 278 1932 319 431

282 347 410 401 putat
428 372 439 392 ,
458 333 687 381 mentitur.
753 331 1101 395 Significationis
1132 337 1242 398 ergo
1260 333 1419 382 fallitas
1437 335 1485 382 id
1500 335 1561 382 est
1576 333 1703 399 quod
1722 335 1780 383 ad
1796 352 1930 385 com-

283 414 468 445 munem
501 396 724 443 mendacii
756 410 961 441 naturam
990 398 1269 457 requirimus.
1340 396 1429 444 Cui
1449 398 1719 460 consequens
1745 399 1805 445 est
1823 415 1930 446 cum

283 476 380 508 vox
398 460 546 521 aliqua
562 473 637 506 aut
657 457 872 504 sermonis
888 457 1150 520 complexio
1179 459 1238 506 est
1267 455 1516 514 πυλόσημῶν,
1533 460 1579 506 id
1598 461 1658 506 est
1705 459 1819 508 lurcs
1835 477 1928 507 uno

282 521 552 586 significatus
570 520 784 574 admittit,
815 519 902 565 five
920 535 976 565 ex
995 521 1117 584 vulgi
1131 520 1210 567 usu
1229 560 1240 578 ,
1257 521 1346 570 sive
1371 539 1430 568 ex
1448 523 1555 568 artis
1573 477 1892 569 consilietudine
1913 561 1927 579 ,

283 584 376 631 sive
391 599 447 629 ex
475 583 616 647 figura
634 582 779 643 aliqua
795 581 1077 645 intelligibili,
1113 597 1219 629 tunc
1251 584 1281 629 fi
1310 585 1446 630 animi
1479 599 1722 647 conceptus
1739 586 1812 630 uni
1829 585 1932 630 ista-

284 661 389 692 rum
406 645 776 708 fignificationum
792 659 1016 708 congruat
1036 682 1046 700 ,
1080 660 1169 690 non
1187 644 1365 692 admitti
1382 645 1665 692 mendacium
1689 650 1734 696 ,*
1759 645 1931 693 etiamst

282 720 468 771 putetur
479 709 516 753 is
534 710 610 769 qui
626 706 749 752 audit
764 707 808 751 in
826 707 957 752 aliam
976 721 1152 768 partem
1168 706 1213 753 id
1230 723 1510 771 accepturus.
1560 707 1728 754 Verum
1746 709 1931 770 quidem

283 768 348 815 est
362 768 497 815 talem
507 769 786 815 locutionem
802 767 1058 832 usurpatam
1076 783 1249 815 temere
1264 785 1354 816 non
1367 769 1644 832 probandam
1665 785 1677 816 ;
1694 769 1768 816 sed
1786 769 1930 832 potest

284 846 345 877 ex
356 831 674 877 accedentibus
690 830 825 877 causis
840 830 1060 876 honestari
1076 847 1087 878 :
1105 845 1212 893 puta
1228 831 1257 877 fi
1271 830 1316 876 id
1330 833 1550 894 pertineat
1565 831 1622 878 ad
1636 831 1932 879 erudiendum

285 908 391 939 eum
410 894 485 954 qui
501 909 613 940 curae
629 892 783 939 nostrae
801 892 860 938 est
876 892 1069 938 traditus
1086 931 1097 948 ,
1130 908 1207 939 aut
1224 892 1280 939 ad
1299 894 1555 940 evitandam
1583 895 1774 956 iniquam
1792 895 1932 940 inter-

285 958 594 1019 rogationem.
627 954 798 1002 Prioris
813 956 987 1019 generis
1002 956 1259 1017 exemplum
1274 955 1362 1018 ipse
1380 955 1578 1002 Christus
1594 955 1844 1009 dedit‚cum
1864 955 1934 1001 di·
1952 970 2087 1015 lolam,
2103 976 2160 1009 n·

285 1032 428 1073 cerer,
447 1027 626 1074 Lazarm
639 1025 781 1063 amicus
796 1022 912 1074 noster
937 1021 1076 1063 dormit
1095 1053 1104 1067 ‚
1133 1016 1258 1078 quod
1279 1018 1479 1081 Apostoli
1500 1018 1773 1080 accipiebant
1793 1056 1804 1074 ‚
1835 1032 1932 1064 tan-

287 1094 423 1142 quam
442 1078 501 1124 de
518 1078 798 1125 dormitione
814 1078 957 1125 somni
973 1078 1215 1128 diceretur.
1267 1081 1324 1126 Et
1342 1080 1465 1142 quod
1482 1080 1540 1126 de
1557 1081 1756 1143 Templo
1774 1079 1930 1125 instau-
1944 1080 2010 1114 Μ’·
2026 1078 2080 1119 11,
2096 1085 2156 1115 20⁸

287 1141 433 1189 tando
451 1139 541 1203 ipse
570 1140 762 1196 dixerat,
779 1142 1031 1204 intelligens
1056 1142 1143 1187 hoc
1161 1142 1219 1187 de
1236 1142 1314 1188 suo
1334 1158 1528 1205 corpore
1548 1182 1558 1200 ,
1580 1144 1753 1190 ludaeos
1771 1141 1934 1188 sciebat
1951 1134 2017 1206 {JC
2042 1179 2138 1207 ,om

287 1205 490 1266 accipere
518 1203 578 1250 de
595 1203 796 1265 Templo
813 1205 996 1265 proprie
1015 1203 1155 1251 disto·
1193 1205 1266 1251 Sic
1294 1207 1340 1251 δε
1356 1222 1459 1252 cum
1483 1205 1710 1267 Apostolis
1729 1205 1787 1251 ad
1804 1203 1934 1250 instar
1956 1196 2028 1262 30..
2142 1195 2155 1215 ’

290 1263 614 1326 Pylarcharum
633 1264 754 1330 apud
781 1265 1001 1312 Hebraeos
1028 1266 1153 1312 sedes
1181 1268 1366 1315 eximias
1382 1269 1429 1313 &
1447 1269 1542 1325 regi
1560 1269 1789 1330 proximas
1815 1265 2091 1331 duo-,Mataza

285 1327 438 1374 decim
455 1330 749 1390 promitteret
768 1364 779 1383 ‚
796 1330 842 1373 &
864 1327 964 1373 alibi
983 1329 1073 1375 vini
1101 1332 1210 1375 novi
1228 1319 1518 1393 potationeni
1536 1332 1579 1376 in
1596 1331 1731 1392 patris
1759 1344 1898 1392 regno
1921 1365 1932 1384 ,
1950 1320 2058 1348 '‘'M'
2075 1318 2136 1357 *ς’

287 1389 393 1438 satis
419 1388 584 1438 sciviffe
611 1390 792 1437 videtur
815 1406 905 1436 non
923 1390 1049 1435 aliter
1067 1392 1156 1438 hoc
1174 1391 1232 1438 ab
1260 1392 1345 1439 illis
1362 1394 1525 1455 accipi,
1559 1409 1694 1454 quam
1712 1392 1770 1438 de
1788 1405 1928 1453 regno

289 1451 445 1515 aliquo
462 1452 588 1512 liujus
606 1454 720 1506 vitae,
740 1454 868 1510 cujus
888 1451 958 1513 spe
973 1453 1057 1499 adi
1095 1452 1187 1500 sum
1204 1470 1488 1501 momentum
1505 1455 1676 1501 Christi
1692 1455 1749 1500 ad
1767 1456 1930 1500 coelum

289 1513 505 1563 alcensuri
521 1514 636 1575 pleni
654 1528 790 1559 eraut.
853 1515 981 1559 Idem
1007 1469 1110 1562 alibi
1127 1532 1207 1579 per
1223 1515 1473 1564 fabularum
1492 1517 1702 1582 ambages
1718 1516 1934 1578 populum
1950 1510 2037 1547 »²¹3-
2056 1519 2089 1554 ¹»
2103 1509 2142 1549 ⁶⁴>

291 1577 557 1637 alloquitur,
576 1591 630 1622 ne
656 1576 885 1632 audientes
925 1574 1064 1637 ipsum
1082 1579 1408 1643 intelligerent,
1448 1580 1521 1626 nili
1540 1580 1703 1627 scilicet
1719 1579 1851 1625 animi
1869 1591 1934 1622 at-

291 1641 544 1686 tentionem
565 1638 700 1684 talem
727 1653 777 1683 ac
802 1638 1082 1685 docilitatem
1101 1640 1330 1698 afferrent,
1368 1642 1544 1704 qualem
1563 1641 1706 1690 afferri
1724 1657 1803 1704 par
1824 1654 1931 1690 erat.

292 1701 559 1751 Posterioris
578 1699 673 1746 usus
691 1699 947 1762 exemplum
966 1717 1022 1747 ex
1038 1701 1228 1765 profana
1243 1703 1424 1751 historia
1440 1702 1540 1751 'dari
1559 1705 1703 1767 potest
1719 1707 1763 1750 in
1797 1701 1934 1750 L.Vi-
1952 1704 2025 1736 Ταῦ,
2052 1701 2136 1736 „An-

292 1764 421 1810 tellio
437 1802 448 1818 ‚
467 1765 536 1808 cui
562 1761 790 1808 Narcissus
810 1762 995 1809 instabat
1014 1802 1025 1820 ,
1044 1767 1235 1827 aperiret
1254 1765 1465 1825 ambages
1488 1769 1536 1812 &
1552 1769 1646 1814 veri
1672 1769 1851 1828 copiam
1870 1764 1938 1812 fa-
1955 1750 2020 1784 '²⁴²'
2039 1758 2099 1784 Ἡ·

291 1841 444 1873 ceret:
468 1824 542 1871 sed
561 1839 648 1870 non
665 1824 771 1870 ideo
791 1826 996 1886 pervicit,
1018 1830 1047 1860 ⁴<
1069 1829 1173 1889 quin
1198 1817 1457 1890 suspensas&
1477 1846 1568 1892 quo
1586 1830 1854 1875 ducerentur
1871 1829 1939 1873 in-

292 1889 509 1934 clinatura
528 1885 832 1948 responderet.
860 1886 1046 1942 Di5lum
1062 1894 1091 1923 *
1110 1889 1412 1938 Hebraeorum
1430 1891 1516 1938 huc
1535 1893 1747 1955 pertinet:
1780 1903 1855 1938 w·
1885 1901 1938 1930 01*

295 1961 405 2012 pmcn
436 1948 487 1989 &S
517 1962 583 1990 om
613 1961 706 1989 auin
735 1961 831 1990 tiu-i
867 1961 922 1992 n&
950 1948 1064 1991 niun&
1097 1964 1175 1993 ow
1217 1956 1256 2014 fi
1280 1961 1362 2015 quis
1392 1962 1493 2000 norit
1530 1962 1592 1999 uti
1619 1959 1900 2017 perplexiloquio
1917 1991 1929 2010 ,

294 2019 394 2060 reete
414 2036 425 2057 .·
435 2014 496 2071 fin
514 2019 637 2057 minus
654 2029 794 2059 taceas.
829 2008 1007 2059 Contra
1024 2014 1229 2061 accidere
1246 2015 1404 2077 potest,
1419 2030 1470 2062 ut
1488 2016 1562 2062 tali
1579 2016 1791 2078 loquendi
1807 2030 1938 2078 gene-

293 2090 346 2121 re
360 2075 427 2120 uti
442 2089 530 2119 non
546 2073 693 2120 modo
710 2073 962 2120 illaudabile
985 2075 1036 2121 fit
1056 2114 1068 2132 ‚
1087 2076 1157 2123 sed
1179 2078 1228 2123 δεῖ
1249 2078 1526 2139 improbum,
1555 2082 1579 2109 *
1609 2093 1714 2141 puta
1729 2094 1829 2124 cum
1851 2076 1940 2123 Dei

294 2137 446 2184 honos
458 2175 469 2191 ,
495 2136 521 2163 *
538 2151 614 2183 aut
635 2151 765 2183 amor
782 2139 996 2200 proximo
1015 2137 1209 2195 debitus,
1227 2155 1302 2186 aut
1320 2142 1568 2189 reverentia
1584 2140 1791 2188 adversus
1809 2139 1934 2200 supe-

293 2200 483 2255 riorem,
500 2214 575 2245 aut
594 2201 655 2245 rei
671 2215 764 2261 quae
780 2201 926 2260 agitur
943 2216 1098 2246 natura
1114 2204 1313 2265 exigunt,
1332 2218 1381 2249 ut
1403 2202 1528 2265 quod
1544 2205 1692 2250 animo
1709 2203 1933 2264 cogitatur

298 2262 488 2307 omnino
506 2261 686 2322 patefiat
701 2279 711 2308 :
732 2262 839 2308 licut
858 2263 902 2307 iu
917 2264 1216 2311 contractibus
1232 2265 1428 2311 diximus
1443 2264 1486 2310 id
1509 2265 1794 2326 aperiendum
1808 2261 1932 2326 quod

296 2335 458 2368 natura
482 2323 737 2370 contractus
754 2324 1018 2386 intelligitur
1047 2328 1227 2389 exigere
1247 2365 1260 2383 ,
1291 2343 1383 2390 quo
1402 2325 1625 2373 sensu‘non
1641 2323 1934 2375 inconmiode

298 2384 441 2446 accipi
463 2383 609 2444 potest
627 2383 864 2433 Ciceronis
882 2386 992 2433 illud
1009 2425 1021 2444 ‚
1054 2393 1261 2435 tollendum
1289 2393 1350 2449 effi
1367 2409 1410 2435 ex
1428 2392 1532 2432 rebus
1550 2391 1808 2435 contrahendis
1823 2403 1930 2431 omne
1953 2388 2090 2445 waf'ft·
2105 2391 2139 2423 in

296 2448 536 2494 mendacium
554 2483 565 2498 ,
601 2444 882 2509 desumptum
900 2465 959 2495 ex
976 2453 1122 2497 veteri
1137 2450 1237 2512 lege
1256 2451 1408 2497 Attica
1424 2451 1475 2503 κῖ·
1490 2448 1575 2489 vim*
1588 2450 1723 2508 dpqy'v
1737 2442 1937 2499 οἱψέυόεῖνῑ
1953 2440 2129 2484 Lepmem.

301 2505 461 2569 quibus
476 2508 523 2552 iu
543 2506 655 2554 locis
670 2507 894 2554 mendacii
911 2526 1003 2559 vox
1018 2502 1197 2559 videtur
1212 2514 1273 2558 ita
1291 2513 1390 2558 laxe
1406 2512 1546 2572 accipi
1563 2526 1609 2557 ut
1626 2514 1757 2556 etiam
1777 2509 1936 2556 obscu-

300 2584 399 2617 ram
413 2568 690 2616 locutionem
707 2569 920 2616 includat.
954 2571 1015 2616 At
1029 2589 1110 2620 nos
1125 2576 1311 2636 proprie
1326 2573 1557 2637 loquendo
1575 2577 1602 2621 a
1617 2572 1837 2619 mendacii
1854 2587 1938 2617 no-

301 2633 438 2689 tione
452 2630 646 2692 idipsum
660 2633 750 2689 jam
768 2631 1043 2679 exclusimus.

365 2689 454 2740 XI.
488 2692 560 2739 Ad
576 2709 865 2740 communem
880 2707 992 2756 ergo
1009 2694 1231 2742 mendacii
1247 2698 1476 2745 notionem
1494 2698 1728 2757 requiritur
1747 2709 1796 2742 ut
1811 2695 1939 2756 quod

303 2755 484 2809 dicitur,
502 2754 719 2810 scribitur,
735 2769 932 2810 notatur,
950 2758 1159 2813 innuitur,
1177 2757 1362 2822 intelligi
1379 2759 1506 2805 aliter
1522 2773 1723 2819 nequeat,
1745 2774 1877 2820 quam
1893 2760 1938 2804 in

305 2832 410 2864 eum
427 2815 610 2870 sensum,
631 2818 702 2878 qui
723 2820 748 2862 a
764 2830 915 2862 mente
934 2816 1200 2878 proferentis
1219 2819 1454 2883 discrepet.
1487 2820 1607 2867 Huic
1625 2835 1771 2865 autem
1788 2822 1942 2866 notio·-

304 2879 350 2926 ni
366 2877 526 2924 laxiori
543 2877 731 2924 strictior
743 2877 980 2931 mendacii,
999 2883 1086 2940 qua
1103 2882 1359 2933 naturaliter
1374 2881 1573 2927 illicitum
1590 2881 1663 2936 est,
1684 2882 1943 2944 significatio

304 2937 605 2996 differentiam
633 2940 825 3001 aliquam
853 2942 1083 3002 propriam
1113 2943 1291 3003 adjiciat
1321 2942 1484 2989 neceffe
1505 2942 1565 2987 est
1584 2978 1594 2995 ,
1630 2937 1745 3002 quae‘,
1769 2943 1796 2988 fi
1824 2943 1942 2988 reste

306 3016 378 3049 res
392 3000 658 3062 inspiciatur,
679 3000 833 3046 saltem
859 3001 1094 3048 secuudum
1113 3002 1399 3051 communem
1427 3005 1625 3066 gentium
1655 3004 1945 3051 existimatio-

306 3078 413 3111 nem
437 3099 449 3117 ‚
485 3062 603 3108 nulla
620 3061 798 3109 videtur
816 3064 898 3108 alia
919 3063 1016 3109 dari
1043 3064 1162 3127 poffe
1181 3081 1337 3127 praeter
1364 3064 1700 3127 repugnantiam
1728 3081 1828 3112 cum
1848 3064 1945 3124 jure

308 3124 521 3172 existente
547 3140 597 3170 ac
616 3138 822 3170 manente
846 3127 940 3185 ejus
961 3125 1016 3170 ad
1036 3141 1167 3187 quem
1199 3128 1344 3173 sermo
1362 3142 1437 3172 aut
1452 3140 1559 3172 uota
1575 3126 1826 3189 dirigiturt'
1843 3144 1944 3173 narn

308 3186 387 3234 fibi
405 3188 626 3232 neminem
644 3187 838 3240 mentiri,
857 3200 906 3231 ut
921 3189 1119 3233 maxime
1135 3187 1291 3235 falsum
1309 3188 1523 3252 proferat,
1542 3190 1835 3236 satisconstate
1873 3190 1946 3236 lus

309 3249 383 3298 hic
397 3248 601 3312 intelligo
617 3264 708 3297 non
723 3246 917 3313 quodvis
941 3250 988 3300 δε,
1002 3250 1065 3297 rei
1082 3252 1373 3302 extrinsecum
1390 3288 1403 3309 ‚
1422 3248 1494 3298 sed
1510 3249 1635 3313 quod
1647 3254 1878 3360 propriunhi
1898 3251 1949 3321 lit

1875 3328 1947 3362 uic.
