<?xml version="1.0" encoding="UTF-8"?>
<!DOCTYPE html PUBLIC "-//W3C//DTD XHTML 1.0 Transitional//EN"
    "http://www.w3.org/TR/xhtml1/DTD/xhtml1-transitional.dtd">
<html xmlns="http://www.w3.org/1999/xhtml" xml:lang="en" lang="en">
 <head>
  <title>
</title>
<meta http-equiv="Content-Type" content="text/html;charset=utf-8" />
  <meta name='ocr-system' content='tesseract 3.04.00' />
  <meta name='ocr-capabilities' content='ocr_page ocr_carea ocr_par ocr_line ocrx_word'/>
</head>
<body>
  <div class='ocr_page' id='page_1' title='image "./hugonisgrottiide010grotuoft_0687.png"; bbox 0 0 2475 3854; ppageno 0'>
   <div class='ocr_carea' id='block_1_1' title="bbox 373 258 2044 391">
    <p class='ocr_par' dir='ltr' id='par_1_1' title="bbox 373 258 2044 391">
     <span class='ocr_line' id='line_1_1' title="bbox 1014 258 1432 306; baseline 0.005 -3"><span class='ocrx_word' id='word_1_1' title='bbox 1014 258 1039 302; x_wconf 85' lang='lat'>1</span> <span class='ocrx_word' id='word_1_2' title='bbox 1092 258 1141 304; x_wconf 89' lang='lat' dir='ltr'>N</span> <span class='ocrx_word' id='word_1_3' title='bbox 1195 259 1237 303; x_wconf 90' lang='lat' dir='ltr'>D</span> <span class='ocrx_word' id='word_1_4' title='bbox 1287 259 1320 304; x_wconf 83' lang='lat' dir='ltr'>E</span> <span class='ocrx_word' id='word_1_5' title='bbox 1374 259 1432 306; x_wconf 88' lang='lat' dir='ltr'>X.</span> 
     </span>
     <span class='ocr_line' id='line_1_2' title="bbox 373 332 2044 391; baseline 0 -10"><span class='ocrx_word' id='word_1_6' title='bbox 373 334 500 382; x_wconf 80' lang='lat' dir='ltr'>Cives</span> <span class='ocrx_word' id='word_1_7' title='bbox 523 333 706 380; x_wconf 84' lang='lat' dir='ltr'>Romani</span> <span class='ocrx_word' id='word_1_8' title='bbox 731 346 816 389; x_wconf 86' lang='lat' dir='ltr'>quo</span> <span class='ocrx_word' id='word_1_9' title='bbox 844 332 953 377; x_wconf 82' lang='lat' dir='ltr'>sensu</span> <span class='ocrx_word' id='word_1_10' title='bbox 983 334 1182 388; x_wconf 84' lang='lat' dir='ltr'>dicantur,</span> <span class='ocrx_word' id='word_1_11' title='bbox 1234 334 1449 391; x_wconf 85' lang='lat' dir='ltr'>Colloquii</span> <span class='ocrx_word' id='word_1_12' title='bbox 1464 335 1555 381; x_wconf 82' lang='lat' dir='ltr'>usus</span> <span class='ocrx_word' id='word_1_13' title='bbox 1570 337 1620 383; x_wconf 81' lang='lat' dir='ltr'>ad</span> <span class='ocrx_word' id='word_1_14' title='bbox 1636 336 1845 382; x_wconf 82' lang='lat' dir='ltr'>vitandum</span> <span class='ocrx_word' id='word_1_15' title='bbox 1874 337 2044 384; x_wconf 80' lang='lat' dir='ltr'>bellum.</span> 
     </span>
    </p>
   </div>
   <div class='ocr_carea' id='block_1_2' title="bbox 413 389 1172 448">
    <p class='ocr_par' dir='ltr' id='par_1_2' title="bbox 413 389 1172 448">
     <span class='ocr_line' id='line_1_3' title="bbox 413 389 1172 448; baseline -0.005 -14"><span class='ocrx_word' id='word_1_16' title='bbox 413 392 540 448; x_wconf 87' lang='lat' dir='ltr'>quiin</span> <span class='ocrx_word' id='word_1_17' title='bbox 557 393 655 433; x_wconf 88' lang='lat' dir='ltr'>orbe</span> <span class='ocrx_word' id='word_1_18' title='bbox 671 392 866 432; x_wconf 81' lang='lat' dir='ltr'>Romano</span> <span class='ocrx_word' id='word_1_19' title='bbox 881 389 1035 432; x_wconf 82' lang='lat' dir='ltr'>vivunt.</span> <span class='ocrx_word' id='word_1_20' title='bbox 1092 404 1172 437; x_wconf 89' lang='lat'>209</span> 
     </span>
    </p>
   </div>
   <div class='ocr_carea' id='block_1_3' title="bbox 1957 405 2043 449">
    <p class='ocr_par' dir='ltr' id='par_1_3' title="bbox 1957 405 2043 449">
     <span class='ocr_line' id='line_1_4' title="bbox 1957 405 2043 449; baseline 0 -7"><span class='ocrx_word' id='word_1_21' title='bbox 1957 405 2043 449; x_wconf 64' lang='lat'>395</span> 
     </span>
    </p>
   </div>
   <div class='ocr_carea' id='block_1_4' title="bbox 360 444 2037 501">
    <p class='ocr_par' dir='ltr' id='par_1_4' title="bbox 360 444 2037 501">
     <span class='ocr_line' id='line_1_5' title="bbox 360 444 2037 501; baseline 0.002 -13"><span class='ocrx_word' id='word_1_22' title='bbox 360 446 490 492; x_wconf 80' lang='lat' dir='ltr'>Cives</span> <span class='ocrx_word' id='word_1_23' title='bbox 517 447 681 501; x_wconf 85' lang='lat' dir='ltr'>quando</span> <span class='ocrx_word' id='word_1_24' title='bbox 704 446 770 500; x_wconf 85' lang='lat' dir='ltr'>jus</span> <span class='ocrx_word' id='word_1_25' title='bbox 803 444 940 488; x_wconf 84' lang='lat' dir='ltr'>damni</span> <span class='ocrx_word' id='word_1_26' title='bbox 973 446 1178 500; x_wconf 82' lang='lat' dir='ltr'>repetendi</span> <span class='ocrx_word' id='word_1_27' title='bbox 1235 445 1426 489; x_wconf 77' lang='lat' dir='ltr'>Coloniae</span> <span class='ocrx_word' id='word_1_28' title='bbox 1441 447 1679 489; x_wconf 78' lang='lat' dir='ltr'>naturaliter</span> <span class='ocrx_word' id='word_1_29' title='bbox 1698 462 1778 490; x_wconf 87' lang='lat' dir='ltr'>non</span> <span class='ocrx_word' id='word_1_30' title='bbox 1805 448 1963 492; x_wconf 84' lang='lat' dir='ltr'>subsunt</span> <span class='ocrx_word' id='word_1_31' title='bbox 1977 452 2037 491; x_wconf 87' lang='lat' dir='ltr'>ci-</span> 
     </span>
    </p>
   </div>
   <div class='ocr_carea' id='block_1_5' title="bbox 360 500 1182 3297">
    <p class='ocr_par' dir='ltr' id='par_1_5' title="bbox 360 500 1179 664">
     <span class='ocr_line' id='line_1_6' title="bbox 417 500 1179 557; baseline -0.003 -13"><span class='ocrx_word' id='word_1_32' title='bbox 417 502 588 545; x_wconf 79' lang='lat' dir='ltr'>habeant</span> <span class='ocrx_word' id='word_1_33' title='bbox 604 503 645 542; x_wconf 89' lang='lat' dir='ltr'>in</span> <span class='ocrx_word' id='word_1_34' title='bbox 662 500 931 557; x_wconf 81' lang='lat' dir='ltr'>Magistratus.</span> <span class='ocrx_word' id='word_1_35' title='bbox 1097 513 1179 547; x_wconf 89' lang='lat'>290</span> 
     </span>
     <span class='ocr_line' id='line_1_7' title="bbox 360 554 1172 610; baseline -0.005 -9"><span class='ocrx_word' id='word_1_36' title='bbox 360 556 490 601; x_wconf 87' lang='lat' dir='ltr'>Cives</span> <span class='ocrx_word' id='word_1_37' title='bbox 504 571 554 599; x_wconf 82' lang='lat' dir='ltr'>an</span> <span class='ocrx_word' id='word_1_38' title='bbox 569 557 775 599; x_wconf 74' lang='lat' dir='ltr'>abscedere</span> <span class='ocrx_word' id='word_1_39' title='bbox 788 559 811 597; x_wconf 70' lang='grc' dir='ltr'>ὲ</span> <span class='ocrx_word' id='word_1_40' title='bbox 825 555 990 598; x_wconf 86' lang='lat' dir='ltr'>civitate</span> <span class='ocrx_word' id='word_1_41' title='bbox 1016 554 1172 610; x_wconf 82' lang='lat' dir='ltr'>possint.</span> 
     </span>
     <span class='ocr_line' id='line_1_8' title="bbox 1093 622 1171 664; baseline 0 -12"><span class='ocrx_word' id='word_1_42' title='bbox 1093 625 1109 652; x_wconf 93' lang='lat'>1</span> <span class='ocrx_word' id='word_1_43' title='bbox 1123 622 1171 664; x_wconf 73' lang='lat'>57</span> 
     </span>
    </p>

    <p class='ocr_par' dir='ltr' id='par_1_6' title="bbox 362 665 1175 1101">
     <span class='ocr_line' id='line_1_9' title="bbox 362 665 1172 721; baseline -0.006 -11"><span class='ocrx_word' id='word_1_44' title='bbox 362 665 481 710; x_wconf 88' lang='lat' dir='ltr'>Civis</span> <span class='ocrx_word' id='word_1_45' title='bbox 493 665 701 710; x_wconf 82' lang='lat' dir='ltr'>civitatem</span> <span class='ocrx_word' id='word_1_46' title='bbox 714 667 943 710; x_wconf 83' lang='lat' dir='ltr'>indemnem</span> <span class='ocrx_word' id='word_1_47' title='bbox 957 666 1172 721; x_wconf 85' lang='lat' dir='ltr'>quomodo</span> 
     </span>
     <span class='ocr_line' id='line_1_10' title="bbox 417 720 1169 773; baseline 0 -12"><span class='ocrx_word' id='word_1_48' title='bbox 417 721 584 773; x_wconf 81' lang='lat' dir='ltr'>praestet.</span> <span class='ocrx_word' id='word_1_49' title='bbox 1074 720 1169 763; x_wconf 81' lang='lat' dir='ltr'>ibid.</span> 
     </span>
     <span class='ocr_line' id='line_1_11' title="bbox 362 775 1173 831; baseline -0.006 -11"><span class='ocrx_word' id='word_1_50' title='bbox 362 775 526 820; x_wconf 80' lang='lat' dir='ltr'>Civitas</span> <span class='ocrx_word' id='word_1_51' title='bbox 539 777 752 831; x_wconf 87' lang='lat' dir='ltr'>quomodo</span> <span class='ocrx_word' id='word_1_52' title='bbox 766 775 970 819; x_wconf 78' lang='lat' dir='ltr'>dividatur</span> <span class='ocrx_word' id='word_1_53' title='bbox 988 804 1001 823; x_wconf 87' lang='lat'>,</span> <span class='ocrx_word' id='word_1_54' title='bbox 1033 777 1076 818; x_wconf 77' lang='grc' dir='ltr'>δι</span> <span class='ocrx_word' id='word_1_55' title='bbox 1091 789 1173 829; x_wconf 82' lang='lat' dir='ltr'>quo</span> 
     </span>
     <span class='ocr_line' id='line_1_12' title="bbox 417 831 1171 874; baseline -0.001 -2"><span class='ocrx_word' id='word_1_56' title='bbox 417 831 579 874; x_wconf 63' lang='lat' dir='ltr'>efferim.</span> <span class='ocrx_word' id='word_1_57' title='bbox 1096 835 1171 871; x_wconf 79' lang='lat'>208</span> 
     </span>
     <span class='ocr_line' id='line_1_13' title="bbox 369 884 1173 930; baseline -0.006 -1"><span class='ocrx_word' id='word_1_58' title='bbox 369 884 530 929; x_wconf 81' lang='lat' dir='ltr'>Civitas</span> <span class='ocrx_word' id='word_1_59' title='bbox 545 887 654 930; x_wconf 88' lang='lat' dir='ltr'>bello</span> <span class='ocrx_word' id='word_1_60' title='bbox 671 886 777 929; x_wconf 59' lang='lat' dir='ltr'>vieta</span> <span class='ocrx_word' id='word_1_61' title='bbox 786 899 835 927; x_wconf 79' lang='lat' dir='ltr'>an</span> <span class='ocrx_word' id='word_1_62' title='bbox 857 885 1004 928; x_wconf 77' lang='lat' dir='ltr'>desinat</span> <span class='ocrx_word' id='word_1_63' title='bbox 1031 886 1173 927; x_wconf 80' lang='lat' dir='ltr'>civitas</span> 
     </span>
     <span class='ocr_line' id='line_1_14' title="bbox 421 941 1175 990; baseline 0 -8"><span class='ocrx_word' id='word_1_64' title='bbox 421 941 506 982; x_wconf 76' lang='lat' dir='ltr'>esse.</span> <span class='ocrx_word' id='word_1_65' title='bbox 1093 952 1175 990; x_wconf 86' lang='lat'>496</span> 
     </span>
     <span class='ocr_line' id='line_1_15' title="bbox 370 993 1167 1051; baseline -0.003 -13"><span class='ocrx_word' id='word_1_66' title='bbox 370 993 565 1039; x_wconf 81' lang='lat' dir='ltr'>Civitatis</span> <span class='ocrx_word' id='word_1_67' title='bbox 590 1009 651 1038; x_wconf 83' lang='lat' dir='ltr'>res</span> <span class='ocrx_word' id='word_1_68' title='bbox 679 995 774 1038; x_wconf 89' lang='lat' dir='ltr'>belli</span> <span class='ocrx_word' id='word_1_69' title='bbox 783 994 875 1048; x_wconf 83' lang='lat' dir='ltr'>jure</span> <span class='ocrx_word' id='word_1_70' title='bbox 889 995 1167 1051; x_wconf 75' lang='lat' dir='ltr'>acquiruntur.</span> 
     </span>
     <span class='ocr_line' id='line_1_16' title="bbox 1088 1061 1172 1101; baseline 0.048 -5"><span class='ocrx_word' id='word_1_71' title='bbox 1088 1061 1172 1101; x_wconf 79' lang='lat'>497</span> 
     </span>
    </p>

    <p class='ocr_par' dir='ltr' id='par_1_7' title="bbox 365 1103 1174 1486">
     <span class='ocr_line' id='line_1_17' title="bbox 365 1103 1172 1203; baseline -0.002 -55"><span class='ocrx_word' id='word_1_72' title='bbox 365 1103 531 1203; x_wconf 65' lang='lat' dir='ltr'>Ci¹yitas</span> <span class='ocrx_word' id='word_1_73' title='bbox 543 1104 683 1162; x_wconf 78' lang='lat' dir='ltr'>injusta</span> <span class='ocrx_word' id='word_1_74' title='bbox 697 1119 780 1149; x_wconf 90' lang='lat' dir='ltr'>non</span> <span class='ocrx_word' id='word_1_75' title='bbox 800 1105 939 1148; x_wconf 84' lang='lat' dir='ltr'>definit</span> <span class='ocrx_word' id='word_1_76' title='bbox 951 1104 1093 1148; x_wconf 82' lang='lat' dir='ltr'>civitas</span> <span class='ocrx_word' id='word_1_77' title='bbox 1119 1105 1172 1146; x_wconf 83' lang='lat' dir='ltr'>es-</span> 
     </span>
     <span class='ocr_line' id='line_1_18' title="bbox 433 1172 1174 1214; baseline -0.003 -10"><span class='ocrx_word' id='word_1_78' title='bbox 433 1176 467 1205; x_wconf 89' lang='lat' dir='ltr'>e.</span> <span class='ocrx_word' id='word_1_79' title='bbox 1087 1172 1117 1211; x_wconf 85' lang='lat'><strong>4</strong></span> <span class='ocrx_word' id='word_1_80' title='bbox 1127 1175 1174 1214; x_wconf 76' lang='lat'>50</span> 
     </span>
     <span class='ocr_line' id='line_1_19' title="bbox 367 1214 1172 1271; baseline -0.001 -13"><span class='ocrx_word' id='word_1_81' title='bbox 367 1216 519 1259; x_wconf 85' lang='lat' dir='ltr'>Civitas</span> <span class='ocrx_word' id='word_1_82' title='bbox 558 1215 699 1270; x_wconf 80' lang='lat' dir='ltr'>injusta</span> <span class='ocrx_word' id='word_1_83' title='bbox 740 1218 764 1258; x_wconf 74' lang='grc' dir='ltr'>Ξι</span> <span class='ocrx_word' id='word_1_84' title='bbox 801 1214 1021 1271; x_wconf 82' lang='lat' dir='ltr'>piratarum</span> <span class='ocrx_word' id='word_1_85' title='bbox 1061 1228 1172 1257; x_wconf 83' lang='lat' dir='ltr'>coetu</span> 
     </span>
     <span class='ocr_line' id='line_1_20' title="bbox 416 1271 1171 1327; baseline -0.003 -14"><span class='ocrx_word' id='word_1_86' title='bbox 416 1271 516 1327; x_wconf 81' lang='lat' dir='ltr'>quid</span> <span class='ocrx_word' id='word_1_87' title='bbox 530 1272 657 1313; x_wconf 88' lang='lat' dir='ltr'>distet.</span> <span class='ocrx_word' id='word_1_88' title='bbox 1073 1272 1171 1314; x_wconf 79' lang='lat' dir='ltr'>ibid.</span> 
     </span>
     <span class='ocr_line' id='line_1_21' title="bbox 367 1325 1171 1380; baseline -0.004 -10"><span class='ocrx_word' id='word_1_89' title='bbox 367 1325 562 1370; x_wconf 83' lang='lat' dir='ltr'>Civitatis</span> <span class='ocrx_word' id='word_1_90' title='bbox 573 1327 635 1379; x_wconf 83' lang='lat' dir='ltr'>jus</span> <span class='ocrx_word' id='word_1_91' title='bbox 651 1327 692 1368; x_wconf 91' lang='lat' dir='ltr'>in</span> <span class='ocrx_word' id='word_1_92' title='bbox 703 1327 823 1370; x_wconf 84' lang='lat' dir='ltr'>cives.</span> <span class='ocrx_word' id='word_1_93' title='bbox 1096 1341 1110 1367; x_wconf 91' lang='lat'>1</span> <span class='ocrx_word' id='word_1_94' title='bbox 1126 1340 1171 1380; x_wconf 88' lang='lat'>57</span> 
     </span>
     <span class='ocr_line' id='line_1_22' title="bbox 367 1381 1163 1437; baseline -0.004 -11"><span class='ocrx_word' id='word_1_95' title='bbox 367 1382 566 1426; x_wconf 78' lang='lat' dir='ltr'>Civitates</span> <span class='ocrx_word' id='word_1_96' title='bbox 577 1382 760 1426; x_wconf 76' lang='lat' dir='ltr'>federatae</span> <span class='ocrx_word' id='word_1_97' title='bbox 773 1381 947 1437; x_wconf 87' lang='lat' dir='ltr'>imperio</span> <span class='ocrx_word' id='word_1_98' title='bbox 961 1381 1163 1424; x_wconf 65' lang='lat' dir='ltr'>distinetae.</span> 
     </span>
     <span class='ocr_line' id='line_1_23' title="bbox 1126 1453 1173 1486; baseline 0 -8"><span class='ocrx_word' id='word_1_99' title='bbox 1126 1453 1142 1486; x_wconf 84' lang='lat'><em>5</em></span> <span class='ocrx_word' id='word_1_100' title='bbox 1154 1454 1173 1478; x_wconf 74' lang='grc' dir='ltr'>ι.</span> 
     </span>
    </p>

    <p class='ocr_par' dir='ltr' id='par_1_8' title="bbox 365 1491 1178 1767">
     <span class='ocr_line' id='line_1_24' title="bbox 366 1491 1176 1546; baseline -0.002 -9"><span class='ocrx_word' id='word_1_101' title='bbox 366 1491 573 1537; x_wconf 80' lang='lat' dir='ltr'>Civitates</span> <span class='ocrx_word' id='word_1_102' title='bbox 588 1492 840 1536; x_wconf 82' lang='lat' dir='ltr'>immortales</span> <span class='ocrx_word' id='word_1_103' title='bbox 856 1505 941 1546; x_wconf 88' lang='lat' dir='ltr'>quo</span> <span class='ocrx_word' id='word_1_104' title='bbox 957 1491 1075 1535; x_wconf 86' lang='lat' dir='ltr'>sensu.</span> <span class='ocrx_word' id='word_1_105' title='bbox 1100 1504 1176 1535; x_wconf 83' lang='lat'>206</span> 
     </span>
     <span class='ocr_line' id='line_1_25' title="bbox 366 1547 1178 1603; baseline -0.004 -11"><span class='ocrx_word' id='word_1_106' title='bbox 366 1547 569 1592; x_wconf 77' lang='lat' dir='ltr'>Civitates</span> <span class='ocrx_word' id='word_1_107' title='bbox 583 1547 840 1591; x_wconf 82' lang='lat' dir='ltr'>desciscentes</span> <span class='ocrx_word' id='word_1_108' title='bbox 855 1549 1030 1603; x_wconf 87' lang='lat' dir='ltr'>recipere</span> <span class='ocrx_word' id='word_1_109' title='bbox 1044 1577 1055 1593; x_wconf 87' lang='lat'><em>,</em></span> <span class='ocrx_word' id='word_1_110' title='bbox 1081 1562 1178 1589; x_wconf 88' lang='lat' dir='ltr'>con-</span> 
     </span>
     <span class='ocr_line' id='line_1_26' title="bbox 419 1604 1175 1656; baseline -0.004 -10"><span class='ocrx_word' id='word_1_111' title='bbox 419 1614 481 1648; x_wconf 80' lang='lat' dir='ltr'>tra</span> <span class='ocrx_word' id='word_1_112' title='bbox 499 1604 727 1646; x_wconf 79' lang='lat' dir='ltr'>amicitiam</span> <span class='ocrx_word' id='word_1_113' title='bbox 744 1604 808 1644; x_wconf 83' lang='lat' dir='ltr'>est.</span> <span class='ocrx_word' id='word_1_114' title='bbox 1101 1610 1148 1651; x_wconf 80' lang='lat'>58</span> <span class='ocrx_word' id='word_1_115' title='bbox 1154 1619 1175 1656; x_wconf 85' lang='lat'>3</span> 
     </span>
     <span class='ocr_line' id='line_1_27' title="bbox 365 1657 1173 1715; baseline -0.004 -13"><span class='ocrx_word' id='word_1_116' title='bbox 365 1657 563 1703; x_wconf 83' lang='lat' dir='ltr'>Civitatis</span> <span class='ocrx_word' id='word_1_117' title='bbox 597 1660 664 1715; x_wconf 86' lang='lat' dir='ltr'>jus</span> <span class='ocrx_word' id='word_1_118' title='bbox 693 1659 735 1702; x_wconf 81' lang='lat' dir='ltr'>in</span> <span class='ocrx_word' id='word_1_119' title='bbox 763 1658 1016 1714; x_wconf 78' lang='lat' dir='ltr'>magistratus</span> <span class='ocrx_word' id='word_1_120' title='bbox 1042 1659 1173 1713; x_wconf 82' lang='lat' dir='ltr'>quale.</span> 
     </span>
     <span class='ocr_line' id='line_1_28' title="bbox 1097 1728 1176 1767; baseline 0 -11"><span class='ocrx_word' id='word_1_121' title='bbox 1097 1728 1176 1767; x_wconf 61' lang='lat'>{90</span> 
     </span>
    </p>

    <p class='ocr_par' dir='ltr' id='par_1_9' title="bbox 362 1765 1176 2368">
     <span class='ocr_line' id='line_1_29' title="bbox 362 1765 1175 1822; baseline -0.002 -10"><span class='ocrx_word' id='word_1_122' title='bbox 362 1765 506 1812; x_wconf 81' lang='lat' dir='ltr'>Claffis</span> <span class='ocrx_word' id='word_1_123' title='bbox 519 1771 630 1822; x_wconf 83' lang='lat' dir='ltr'>qnid·</span> <span class='ocrx_word' id='word_1_124' title='bbox 1097 1779 1175 1820; x_wconf 86' lang='lat'>276</span> 
     </span>
     <span class='ocr_line' id='line_1_30' title="bbox 366 1825 1173 1879; baseline -0.005 -10"><span class='ocrx_word' id='word_1_125' title='bbox 366 1825 562 1869; x_wconf 72' lang='lat' dir='ltr'>clausula</span> <span class='ocrx_word' id='word_1_126' title='bbox 578 1860 591 1879; x_wconf 82' lang='lat'>‚</span> <span class='ocrx_word' id='word_1_127' title='bbox 604 1840 646 1869; x_wconf 89' lang='lat' dir='ltr'>ut</span> <span class='ocrx_word' id='word_1_128' title='bbox 661 1836 802 1868; x_wconf 79' lang='lat' dir='ltr'>caetera</span> <span class='ocrx_word' id='word_1_129' title='bbox 827 1835 963 1868; x_wconf 85' lang='lat' dir='ltr'>tamen</span> <span class='ocrx_word' id='word_1_130' title='bbox 987 1835 1073 1867; x_wconf 71' lang='lat' dir='ltr'>rata</span> <span class='ocrx_word' id='word_1_131' title='bbox 1091 1838 1173 1866; x_wconf 60' lang='lat' dir='ltr'>ma⁴</span> 
     </span>
     <span class='ocr_line' id='line_1_31' title="bbox 420 1886 1171 1933; baseline 0 -11"><span class='ocrx_word' id='word_1_132' title='bbox 420 1892 554 1922; x_wconf 86' lang='lat' dir='ltr'>neant.</span> <span class='ocrx_word' id='word_1_133' title='bbox 1102 1886 1171 1933; x_wconf 78' lang='lat'>581</span> 
     </span>
     <span class='ocr_line' id='line_1_32' title="bbox 364 1933 1170 1989; baseline 0.001 -13"><span class='ocrx_word' id='word_1_134' title='bbox 364 1933 616 1989; x_wconf 80' lang='lat' dir='ltr'>Clarigatio.</span> <span class='ocrx_word' id='word_1_135' title='bbox 1088 1947 1115 1985; x_wconf 87' lang='lat'>4</span> <span class='ocrx_word' id='word_1_136' title='bbox 1126 1948 1170 1987; x_wconf 83' lang='lat'>52</span> 
     </span>
     <span class='ocr_line' id='line_1_33' title="bbox 364 1987 1176 2047; baseline -0.005 -12"><span class='ocrx_word' id='word_1_137' title='bbox 364 1991 572 2045; x_wconf 43' lang='lat' dir='ltr'>Clausular,</span> <span class='ocrx_word' id='word_1_138' title='bbox 584 1993 609 2034; x_wconf 81' lang='lat' dir='ltr'>si</span> <span class='ocrx_word' id='word_1_139' title='bbox 625 1990 797 2047; x_wconf 83' lang='lat' dir='ltr'>populus</span> <span class='ocrx_word' id='word_1_140' title='bbox 815 1987 915 2032; x_wconf 84' lang='lat' dir='ltr'>velit</span> <span class='ocrx_word' id='word_1_141' title='bbox 936 2022 947 2042; x_wconf 84' lang='lat'>,</span> <span class='ocrx_word' id='word_1_142' title='bbox 962 1987 1062 2043; x_wconf 85' lang='lat' dir='ltr'>quid</span> <span class='ocrx_word' id='word_1_143' title='bbox 1080 2003 1176 2043; x_wconf 87' lang='lat' dir='ltr'>ope-</span> 
     </span>
     <span class='ocr_line' id='line_1_34' title="bbox 423 2049 1171 2104; baseline -0.003 -18"><span class='ocrx_word' id='word_1_144' title='bbox 423 2060 553 2089; x_wconf 86' lang='lat' dir='ltr'>retur.</span> <span class='ocrx_word' id='word_1_145' title='bbox 1079 2049 1147 2104; x_wconf 31' lang='lat'>‘60</span> <span class='ocrx_word' id='word_1_146' title='bbox 1152 2060 1171 2097; x_wconf 83' lang='lat'><em>3</em></span> 
     </span>
     <span class='ocr_line' id='line_1_35' title="bbox 365 2102 1172 2156; baseline -0.006 -9"><span class='ocrx_word' id='word_1_147' title='bbox 365 2102 562 2147; x_wconf 76' lang='lat' dir='ltr'><strong>Clemens</strong></span> <span class='ocrx_word' id='word_1_148' title='bbox 577 2103 868 2146; x_wconf 80' lang='lat' dir='ltr'>Alexandrinus</span> <span class='ocrx_word' id='word_1_149' title='bbox 896 2114 968 2156; x_wconf 87' lang='lat' dir='ltr'>pro</span> <span class='ocrx_word' id='word_1_150' title='bbox 980 2113 1109 2155; x_wconf 79' lang='lat' dir='ltr'>poenis</span> <span class='ocrx_word' id='word_1_151' title='bbox 1130 2103 1172 2142; x_wconf 60' lang='grc' dir='ltr'>ὃς</span> 
     </span>
     <span class='ocr_line' id='line_1_36' title="bbox 419 2157 1169 2210; baseline -0.003 -11"><span class='ocrx_word' id='word_1_152' title='bbox 419 2157 580 2200; x_wconf 80' lang='lat' dir='ltr'>militia.</span> <span class='ocrx_word' id='word_1_153' title='bbox 1119 2166 1169 2210; x_wconf 82' lang='lat'>33</span> 
     </span>
     <span class='ocr_line' id='line_1_37' title="bbox 366 2211 1174 2259; baseline -0.004 -4"><span class='ocrx_word' id='word_1_154' title='bbox 366 2212 600 2255; x_wconf 82' lang='lat' dir='ltr'>Clementia</span> <span class='ocrx_word' id='word_1_155' title='bbox 616 2211 655 2254; x_wconf 84' lang='lat' dir='ltr'>in</span> <span class='ocrx_word' id='word_1_156' title='bbox 667 2212 789 2255; x_wconf 77' lang='lat' dir='ltr'>bello.</span> <span class='ocrx_word' id='word_1_157' title='bbox 1101 2218 1174 2259; x_wconf 78' lang='lat'>518</span> 
     </span>
     <span class='ocr_line' id='line_1_38' title="bbox 365 2268 1172 2323; baseline -0.007 -11"><span class='ocrx_word' id='word_1_158' title='bbox 365 2268 523 2312; x_wconf 81' lang='lat' dir='ltr'>Clerici</span> <span class='ocrx_word' id='word_1_159' title='bbox 535 2269 644 2310; x_wconf 82' lang='lat' dir='ltr'>bello</span> <span class='ocrx_word' id='word_1_160' title='bbox 665 2280 850 2311; x_wconf 83' lang='lat' dir='ltr'>arcentur</span> <span class='ocrx_word' id='word_1_161' title='bbox 864 2303 875 2321; x_wconf 87' lang='lat'><em>,</em></span> <span class='ocrx_word' id='word_1_162' title='bbox 904 2268 948 2310; x_wconf 66' lang='grc' dir='ltr'>ἃ</span> <span class='ocrx_word' id='word_1_163' title='bbox 962 2277 1172 2323; x_wconf 79' lang='lat' dir='ltr'>quatenus.</span> 
     </span>
     <span class='ocr_line' id='line_1_39' title="bbox 1123 2336 1173 2368; baseline 0.02 -1"><span class='ocrx_word' id='word_1_164' title='bbox 1123 2336 1173 2368; x_wconf 82' lang='lat'>99</span> 
     </span>
    </p>

    <p class='ocr_par' dir='ltr' id='par_1_10' title="bbox 365 2376 1177 2862">
     <span class='ocr_line' id='line_1_40' title="bbox 365 2376 1171 2433; baseline -0.002 -11"><span class='ocrx_word' id='word_1_165' title='bbox 365 2378 761 2423; x_wconf 65' lang='lat' dir='ltr'>Clericisinterdista</span> <span class='ocrx_word' id='word_1_166' title='bbox 777 2378 829 2420; x_wconf 88' lang='lat' dir='ltr'>est</span> <span class='ocrx_word' id='word_1_167' title='bbox 857 2376 1021 2421; x_wconf 80' lang='lat' dir='ltr'>militia.</span> <span class='ocrx_word' id='word_1_168' title='bbox 1128 2389 1171 2433; x_wconf 83' lang='lat'>35</span> 
     </span>
     <span class='ocr_line' id='line_1_41' title="bbox 367 2429 1171 2486; baseline -0.007 -10"><span class='ocrx_word' id='word_1_169' title='bbox 367 2435 496 2479; x_wconf 84' lang='lat' dir='ltr'>Cleto</span> <span class='ocrx_word' id='word_1_170' title='bbox 513 2433 616 2475; x_wconf 86' lang='lat' dir='ltr'>olim</span> <span class='ocrx_word' id='word_1_171' title='bbox 628 2434 771 2474; x_wconf 77' lang='lat' dir='ltr'>exclufl</span> <span class='ocrx_word' id='word_1_172' title='bbox 787 2463 797 2477; x_wconf 84' lang='lat'><em>,</em></span> <span class='ocrx_word' id='word_1_173' title='bbox 827 2433 898 2486; x_wconf 89' lang='lat' dir='ltr'>qui</span> <span class='ocrx_word' id='word_1_174' title='bbox 928 2433 1013 2485; x_wconf 81' lang='lat' dir='ltr'>post</span> <span class='ocrx_word' id='word_1_175' title='bbox 1032 2429 1171 2483; x_wconf 78' lang='lat' dir='ltr'>baptis-</span> 
     </span>
     <span class='ocr_line' id='line_1_42' title="bbox 418 2486 1177 2542; baseline -0.012 -11"><span class='ocrx_word' id='word_1_176' title='bbox 418 2502 534 2531; x_wconf 84' lang='lat' dir='ltr'>mum</span> <span class='ocrx_word' id='word_1_177' title='bbox 550 2488 776 2532; x_wconf 79' lang='lat' dir='ltr'>militass&#39;ent</span> <span class='ocrx_word' id='word_1_178' title='bbox 792 2515 804 2536; x_wconf 83' lang='lat'><strong><em>&gt;</em></strong></span> <span class='ocrx_word' id='word_1_179' title='bbox 820 2500 888 2530; x_wconf 73' lang='lat' dir='ltr'>ant</span> <span class='ocrx_word' id='word_1_180' title='bbox 902 2486 1177 2542; x_wconf 84' lang='lat' dir='ltr'>magistratum</span> 
     </span>
     <span class='ocr_line' id='line_1_43' title="bbox 422 2543 1164 2600; baseline -0.001 -16"><span class='ocrx_word' id='word_1_181' title='bbox 422 2543 622 2600; x_wconf 84' lang='lat' dir='ltr'>geffissent.</span> <span class='ocrx_word' id='word_1_182' title='bbox 1118 2552 1164 2589; x_wconf 78' lang='lat'>35</span> 
     </span>
     <span class='ocr_line' id='line_1_44' title="bbox 367 2596 1166 2652; baseline -0.01 -9"><span class='ocrx_word' id='word_1_183' title='bbox 367 2599 596 2652; x_wconf 87' lang='lat' dir='ltr'>Coemptio</span> <span class='ocrx_word' id='word_1_184' title='bbox 611 2611 659 2639; x_wconf 80' lang='lat' dir='ltr'>an</span> <span class='ocrx_word' id='word_1_185' title='bbox 675 2596 798 2639; x_wconf 74' lang='lat' dir='ltr'>licita.</span> <span class='ocrx_word' id='word_1_186' title='bbox 1074 2647 1081 2652; x_wconf 36' lang='lat'><strong>·</strong></span> <span class='ocrx_word' id='word_1_187' title='bbox 1092 2605 1106 2632; x_wconf 87' lang='lat'><strong>1</strong></span> <span class='ocrx_word' id='word_1_188' title='bbox 1118 2607 1137 2651; x_wconf 43' lang='grc' dir='ltr'>ζα</span> <span class='ocrx_word' id='word_1_189' title='bbox 1147 2605 1166 2631; x_wconf 86' lang='lat'>2</span> 
     </span>
     <span class='ocr_line' id='line_1_45' title="bbox 368 2647 1176 2709; baseline -0.015 -11"><span class='ocrx_word' id='word_1_190' title='bbox 368 2654 595 2709; x_wconf 81' lang='lat' dir='ltr'><strong>Cogendus</strong></span> <span class='ocrx_word' id='word_1_191' title='bbox 635 2654 683 2695; x_wconf 76' lang='lat' dir='ltr'>ad</span> <span class='ocrx_word' id='word_1_192' title='bbox 713 2650 953 2707; x_wconf 83' lang='lat' dir='ltr'>religionem</span> <span class='ocrx_word' id='word_1_193' title='bbox 982 2647 1176 2689; x_wconf 78' lang='lat' dir='ltr'>Christia-</span> 
     </span>
     <span class='ocr_line' id='line_1_46' title="bbox 423 2711 1172 2753; baseline -0.001 -3"><span class='ocrx_word' id='word_1_194' title='bbox 423 2722 514 2750; x_wconf 79' lang='lat' dir='ltr'>nam</span> <span class='ocrx_word' id='word_1_195' title='bbox 529 2720 666 2748; x_wconf 78' lang='lat' dir='ltr'>nemo·</span> <span class='ocrx_word' id='word_1_196' title='bbox 1095 2711 1172 2753; x_wconf 79' lang='lat'>345</span> 
     </span>
     <span class='ocr_line' id='line_1_47' title="bbox 368 2755 1174 2819; baseline -0.016 -10"><span class='ocrx_word' id='word_1_197' title='bbox 368 2764 536 2819; x_wconf 84' lang='lat' dir='ltr'>Cogere</span> <span class='ocrx_word' id='word_1_198' title='bbox 552 2773 705 2818; x_wconf 79' lang='lat' dir='ltr'>pugnat</span> <span class='ocrx_word' id='word_1_199' title='bbox 716 2773 811 2804; x_wconf 88' lang='lat' dir='ltr'>cum</span> <span class='ocrx_word' id='word_1_200' title='bbox 825 2758 925 2800; x_wconf 87' lang='lat' dir='ltr'>statu</span> <span class='ocrx_word' id='word_1_201' title='bbox 955 2755 1174 2798; x_wconf 81' lang='lat' dir='ltr'>inferioris.</span> 
     </span>
     <span class='ocr_line' id='line_1_48' title="bbox 1130 2820 1177 2862; baseline 0 0"><span class='ocrx_word' id='word_1_202' title='bbox 1130 2820 1152 2852; x_wconf 87' lang='lat'><strong><em>⁶</em></strong></span> <span class='ocrx_word' id='word_1_203' title='bbox 1158 2825 1177 2862; x_wconf 86' lang='lat'><em>3</em></span> 
     </span>
    </p>

    <p class='ocr_par' dir='ltr' id='par_1_11' title="bbox 369 2865 1182 3297">
     <span class='ocr_line' id='line_1_49' title="bbox 369 2865 1181 2926; baseline -0.009 -14"><span class='ocrx_word' id='word_1_204' title='bbox 369 2869 601 2926; x_wconf 67' lang='lat' dir='ltr'>cognatim</span> <span class='ocrx_word' id='word_1_205' title='bbox 614 2865 987 2912; x_wconf 74' lang='lat' dir='ltr'>succeffiolinealis:</span> <span class='ocrx_word' id='word_1_206' title='bbox 1018 2866 1064 2908; x_wconf 74' lang='grc' dir='ltr'>δε</span> <span class='ocrx_word' id='word_1_207' title='bbox 1091 2865 1181 2919; x_wconf 79' lang='lat' dir='ltr'>ejus</span> 
     </span>
     <span class='ocr_line' id='line_1_50' title="bbox 421 2922 1182 2970; baseline -0.008 -3"><span class='ocrx_word' id='word_1_208' title='bbox 421 2925 744 2967; x_wconf 82' lang='lat' dir='ltr'>fundamentum.</span> <span class='ocrx_word' id='word_1_209' title='bbox 1105 2934 1119 2961; x_wconf 91' lang='lat'>1</span> <span class='ocrx_word' id='word_1_210' title='bbox 1133 2922 1182 2970; x_wconf 72' lang='lat'>84</span> 
     </span>
     <span class='ocr_line' id='line_1_51' title="bbox 369 2978 1180 3035; baseline -0.01 -12"><span class='ocrx_word' id='word_1_211' title='bbox 369 2978 567 3035; x_wconf 81' lang='lat' dir='ltr'>collegio</span> <span class='ocrx_word' id='word_1_212' title='bbox 596 2980 797 3020; x_wconf 63' lang='lat' dir='ltr'>destrueto</span> <span class='ocrx_word' id='word_1_213' title='bbox 830 2989 879 3016; x_wconf 80' lang='lat' dir='ltr'>an</span> <span class='ocrx_word' id='word_1_214' title='bbox 904 2987 967 3016; x_wconf 83' lang='lat' dir='ltr'>res</span> <span class='ocrx_word' id='word_1_215' title='bbox 994 2986 1180 3016; x_wconf 82' lang='lat' dir='ltr'>maneant</span> 
     </span>
     <span class='ocr_line' id='line_1_52' title="bbox 422 3029 1176 3087; baseline -0.008 -12"><span class='ocrx_word' id='word_1_216' title='bbox 422 3048 588 3084; x_wconf 84' lang='lat' dir='ltr'>eorum,</span> <span class='ocrx_word' id='word_1_217' title='bbox 605 3033 676 3087; x_wconf 88' lang='lat' dir='ltr'>qui</span> <span class='ocrx_word' id='word_1_218' title='bbox 705 3032 795 3073; x_wconf 77' lang='lat' dir='ltr'>aliis</span> <span class='ocrx_word' id='word_1_219' title='bbox 806 3029 1021 3083; x_wconf 84' lang='lat' dir='ltr'>supersunt.</span> <span class='ocrx_word' id='word_1_220' title='bbox 1099 3044 1176 3077; x_wconf 80' lang='lat'>207</span> 
     </span>
     <span class='ocr_line' id='line_1_53' title="bbox 369 3082 1173 3141; baseline -0.011 -8"><span class='ocrx_word' id='word_1_221' title='bbox 369 3086 645 3141; x_wconf 81' lang='lat' dir='ltr'>Colloqui&#39;um</span> <span class='ocrx_word' id='word_1_222' title='bbox 674 3086 872 3141; x_wconf 81' lang='lat' dir='ltr'>postulans</span> <span class='ocrx_word' id='word_1_223' title='bbox 899 3084 950 3127; x_wconf 73' lang='lat' dir='ltr'>ad</span> <span class='ocrx_word' id='word_1_224' title='bbox 963 3082 1062 3137; x_wconf 85' lang='lat' dir='ltr'>quid</span> <span class='ocrx_word' id='word_1_225' title='bbox 1076 3084 1173 3125; x_wconf 76' lang='lat' dir='ltr'>obli-</span> 
     </span>
     <span class='ocr_line' id='line_1_54' title="bbox 426 3149 1182 3199; baseline -0.007 -16"><span class='ocrx_word' id='word_1_226' title='bbox 426 3155 560 3199; x_wconf 79' lang='lat' dir='ltr'>getur.</span> <span class='ocrx_word' id='word_1_227' title='bbox 1099 3149 1182 3190; x_wconf 85' lang='lat'>607</span> 
     </span>
     <span class='ocr_line' id='line_1_55' title="bbox 371 3191 1180 3295; baseline -0.015 -52"><span class='ocrx_word' id='word_1_228' title='bbox 371 3195 603 3295; x_wconf 52' lang='lat' dir='ltr'>Collcquuio</span> <span class='ocrx_word' id='word_1_229' title='bbox 611 3194 776 3239; x_wconf 80' lang='lat' dir='ltr'>durante</span> <span class='ocrx_word' id='word_1_230' title='bbox 789 3206 852 3238; x_wconf 84' lang='lat' dir='ltr'>res</span> <span class='ocrx_word' id='word_1_231' title='bbox 866 3191 952 3238; x_wconf 78' lang='lat' dir='ltr'>suas</span> <span class='ocrx_word' id='word_1_232' title='bbox 965 3205 1180 3249; x_wconf 78' lang='lat' dir='ltr'>promove-</span> 
     </span>
     <span class='ocr_line' id='line_1_56' title="bbox 425 3261 590 3297; baseline -0.006 0"><span class='ocrx_word' id='word_1_233' title='bbox 425 3264 469 3297; x_wconf 61' lang='lat' dir='ltr'>te</span> <span class='ocrx_word' id='word_1_234' title='bbox 496 3261 590 3296; x_wconf 70' lang='lat' dir='ltr'><strong>leet·</strong></span> 
     </span>
    </p>
   </div>
   <div class='ocr_carea' id='block_1_6' title="bbox 1230 501 2037 931">
    <p class='ocr_par' dir='ltr' id='par_1_12' title="bbox 1230 501 2037 931">
     <span class='ocr_line' id='line_1_57' title="bbox 1287 501 2037 547; baseline 0.007 -7"><span class='ocrx_word' id='word_1_235' title='bbox 1287 501 1400 542; x_wconf 83' lang='lat' dir='ltr'>vitati</span> <span class='ocrx_word' id='word_1_236' title='bbox 1417 502 1590 543; x_wconf 74' lang='lat' dir='ltr'>matrici.</span> <span class='ocrx_word' id='word_1_237' title='bbox 1958 511 2037 547; x_wconf 84' lang='lat'>208</span> 
     </span>
     <span class='ocr_line' id='line_1_58' title="bbox 1233 555 2036 614; baseline 0.005 -17"><span class='ocrx_word' id='word_1_238' title='bbox 1233 555 1422 598; x_wconf 85' lang='lat' dir='ltr'>Comites</span> <span class='ocrx_word' id='word_1_239' title='bbox 1447 559 1675 614; x_wconf 72' lang='lat' dir='ltr'>legatorum</span> <span class='ocrx_word' id='word_1_240' title='bbox 1703 573 1751 599; x_wconf 80' lang='lat' dir='ltr'>an</span> <span class='ocrx_word' id='word_1_241' title='bbox 1779 558 2036 601; x_wconf 80' lang='lat' dir='ltr'>fintinviola-</span> 
     </span>
     <span class='ocr_line' id='line_1_59' title="bbox 1284 611 2032 665; baseline 0.003 -14"><span class='ocrx_word' id='word_1_242' title='bbox 1284 611 1397 652; x_wconf 85' lang='lat' dir='ltr'>biles.</span> <span class='ocrx_word' id='word_1_243' title='bbox 1951 626 2032 665; x_wconf 86' lang='lat'>299</span> 
     </span>
     <span class='ocr_line' id='line_1_60' title="bbox 1230 665 2034 721; baseline 0.005 -15"><span class='ocrx_word' id='word_1_244' title='bbox 1230 665 1502 708; x_wconf 80' lang='lat' dir='ltr'>commeandi</span> <span class='ocrx_word' id='word_1_245' title='bbox 1526 666 1592 720; x_wconf 79' lang='lat' dir='ltr'>jus</span> <span class='ocrx_word' id='word_1_246' title='bbox 1607 668 1767 721; x_wconf 78' lang='lat' dir='ltr'>qualem</span> <span class='ocrx_word' id='word_1_247' title='bbox 1797 667 2034 721; x_wconf 83' lang='lat' dir='ltr'>interpreta-</span> 
     </span>
     <span class='ocr_line' id='line_1_61' title="bbox 1282 723 2034 775; baseline 0.003 -14"><span class='ocrx_word' id='word_1_248' title='bbox 1282 723 1435 762; x_wconf 84' lang='lat' dir='ltr'>tionem</span> <span class='ocrx_word' id='word_1_249' title='bbox 1453 723 1632 775; x_wconf 80' lang='lat' dir='ltr'>recipiat.</span> <span class='ocrx_word' id='word_1_250' title='bbox 1957 729 2034 771; x_wconf 81' lang='lat'>596</span> 
     </span>
     <span class='ocr_line' id='line_1_62' title="bbox 1230 775 2036 820; baseline 0.004 -3"><span class='ocrx_word' id='word_1_251' title='bbox 1230 775 1502 818; x_wconf 73' lang='lat' dir='ltr'>commeandi</span> <span class='ocrx_word' id='word_1_252' title='bbox 1542 777 1728 818; x_wconf 67' lang='lat' dir='ltr'>securitas</span> <span class='ocrx_word' id='word_1_253' title='bbox 1765 777 1885 819; x_wconf 74' lang='lat' dir='ltr'>etiam</span> <span class='ocrx_word' id='word_1_254' title='bbox 1920 792 2036 820; x_wconf 75' lang='lat' dir='ltr'>extra</span> 
     </span>
     <span class='ocr_line' id='line_1_63' title="bbox 1285 831 2031 888; baseline 0.003 -17"><span class='ocrx_word' id='word_1_255' title='bbox 1285 831 1539 872; x_wconf 81' lang='lat' dir='ltr'>territorium</span> <span class='ocrx_word' id='word_1_256' title='bbox 1556 834 1689 872; x_wconf 72' lang='lat' dir='ltr'>dantis</span> <span class='ocrx_word' id='word_1_257' title='bbox 1700 834 1935 888; x_wconf 80' lang='lat' dir='ltr'>porrigitur.</span> <span class='ocrx_word' id='word_1_258' title='bbox 1959 846 2031 885; x_wconf 81' lang='lat'>597</span> 
     </span>
     <span class='ocr_line' id='line_1_64' title="bbox 1231 886 2029 931; baseline 0.005 -4"><span class='ocrx_word' id='word_1_259' title='bbox 1231 886 1500 928; x_wconf 79' lang='lat' dir='ltr'>commeatus</span> <span class='ocrx_word' id='word_1_260' title='bbox 1516 902 1564 927; x_wconf 87' lang='lat' dir='ltr'>an</span> <span class='ocrx_word' id='word_1_261' title='bbox 1580 889 1626 929; x_wconf 87' lang='lat' dir='ltr'>ad</span> <span class='ocrx_word' id='word_1_262' title='bbox 1644 891 1745 929; x_wconf 85' lang='lat' dir='ltr'>bona</span> <span class='ocrx_word' id='word_1_263' title='bbox 1776 890 2029 931; x_wconf 78' lang='lat' dir='ltr'>extendatur.</span> 
     </span>
    </p>
   </div>
   <div class='ocr_carea' id='block_1_7' title="bbox 1229 943 2030 1106">
    <p class='ocr_par' dir='ltr' id='par_1_13' title="bbox 1229 943 2030 1106">
     <span class='ocr_line' id='line_1_65' title="bbox 1934 943 2027 986; baseline 0.022 -2"><span class='ocrx_word' id='word_1_264' title='bbox 1934 943 2027 986; x_wconf 80' lang='lat' dir='ltr'>ibid.</span> 
     </span>
     <span class='ocr_line' id='line_1_66' title="bbox 1229 994 2029 1040; baseline 0.001 -3"><span class='ocrx_word' id='word_1_265' title='bbox 1229 994 1498 1038; x_wconf 81' lang='lat' dir='ltr'>Commeatus</span> <span class='ocrx_word' id='word_1_266' title='bbox 1515 1010 1647 1039; x_wconf 87' lang='lat' dir='ltr'>morte</span> <span class='ocrx_word' id='word_1_267' title='bbox 1677 996 1807 1040; x_wconf 79' lang='lat' dir='ltr'>dantis</span> <span class='ocrx_word' id='word_1_268' title='bbox 1821 1011 1870 1039; x_wconf 81' lang='lat' dir='ltr'>an</span> <span class='ocrx_word' id='word_1_269' title='bbox 1887 999 2029 1040; x_wconf 67' lang='lat' dir='ltr'>exstin-</span> 
     </span>
     <span class='ocr_line' id='line_1_67' title="bbox 1285 1053 2030 1106; baseline 0.004 -15"><span class='ocrx_word' id='word_1_270' title='bbox 1285 1064 1446 1106; x_wconf 81' lang='lat' dir='ltr'>guatur.</span> <span class='ocrx_word' id='word_1_271' title='bbox 1935 1053 2030 1097; x_wconf 85' lang='lat' dir='ltr'>ibid.</span> 
     </span>
    </p>
   </div>
   <div class='ocr_carea' id='block_1_8' title="bbox 1223 1103 2039 3023">
    <p class='ocr_par' dir='ltr' id='par_1_14' title="bbox 1230 1103 2031 1270">
     <span class='ocr_line' id='line_1_68' title="bbox 1230 1103 2029 1160; baseline 0.005 -15"><span class='ocrx_word' id='word_1_272' title='bbox 1230 1103 1271 1145; x_wconf 85' lang='lat' dir='ltr'>in</span> <span class='ocrx_word' id='word_1_273' title='bbox 1288 1106 1532 1148; x_wconf 63' lang='lat' dir='ltr'>Comme-‘itu</span> <span class='ocrx_word' id='word_1_274' title='bbox 1550 1108 1721 1149; x_wconf 80' lang='lat' dir='ltr'>comites</span> <span class='ocrx_word' id='word_1_275' title='bbox 1736 1107 1820 1160; x_wconf 85' lang='lat' dir='ltr'>qui.</span> <span class='ocrx_word' id='word_1_276' title='bbox 1933 1108 2029 1150; x_wconf 81' lang='lat' dir='ltr'>ibid.</span> 
     </span>
     <span class='ocr_line' id='line_1_69' title="bbox 1230 1160 2031 1219; baseline 0.004 -17"><span class='ocrx_word' id='word_1_277' title='bbox 1230 1160 1590 1204; x_wconf 70' lang='lat' dir='ltr'>Commodatarius</span> <span class='ocrx_word' id='word_1_278' title='bbox 1616 1165 1666 1205; x_wconf 84' lang='lat' dir='ltr'>ad</span> <span class='ocrx_word' id='word_1_279' title='bbox 1693 1164 1790 1219; x_wconf 86' lang='lat' dir='ltr'>quid</span> <span class='ocrx_word' id='word_1_280' title='bbox 1831 1175 2031 1205; x_wconf 80' lang='lat' dir='ltr'>teneatur.</span> 
     </span>
     <span class='ocr_line' id='line_1_70' title="bbox 1951 1233 2030 1270; baseline 0.013 -11"><span class='ocrx_word' id='word_1_281' title='bbox 1951 1235 1971 1259; x_wconf 70' lang='grc' dir='ltr'>ι</span> <span class='ocrx_word' id='word_1_282' title='bbox 1979 1233 2030 1270; x_wconf 75' lang='lat'>32,</span> 
     </span>
    </p>

    <p class='ocr_par' dir='ltr' id='par_1_15' title="bbox 1227 1268 2035 1598">
     <span class='ocr_line' id='line_1_71' title="bbox 1227 1268 2027 1324; baseline 0.001 -13"><span class='ocrx_word' id='word_1_283' title='bbox 1227 1268 1514 1312; x_wconf 81' lang='lat' dir='ltr'>Comminatio</span> <span class='ocrx_word' id='word_1_284' title='bbox 1528 1270 1675 1313; x_wconf 88' lang='lat' dir='ltr'>nemini</span> <span class='ocrx_word' id='word_1_285' title='bbox 1694 1278 1752 1322; x_wconf 77' lang='lat' dir='ltr'>jus</span> <span class='ocrx_word' id='word_1_286' title='bbox 1767 1273 1845 1313; x_wconf 86' lang='lat' dir='ltr'>dat.</span> <span class='ocrx_word' id='word_1_287' title='bbox 1947 1282 2027 1324; x_wconf 79' lang='lat'>243</span> 
     </span>
     <span class='ocr_line' id='line_1_72' title="bbox 1231 1324 2030 1370; baseline 0.006 -5"><span class='ocrx_word' id='word_1_288' title='bbox 1231 1324 1555 1367; x_wconf 83' lang='lat' dir='ltr'>Commiffiones.</span> <span class='ocrx_word' id='word_1_289' title='bbox 1598 1328 1685 1369; x_wconf 84' lang='lat' dir='ltr'>vide</span> <span class='ocrx_word' id='word_1_290' title='bbox 1718 1328 2030 1370; x_wconf 81' lang='lat' dir='ltr'>Dimicationes.</span> 
     </span>
     <span class='ocr_line' id='line_1_73' title="bbox 1228 1380 2030 1433; baseline 0.005 -12"><span class='ocrx_word' id='word_1_291' title='bbox 1228 1380 1589 1422; x_wconf 78' lang='lat' dir='ltr'>Commerciorum</span> <span class='ocrx_word' id='word_1_292' title='bbox 1604 1383 1779 1422; x_wconf 79' lang='lat' dir='ltr'>libertas.</span> <span class='ocrx_word' id='word_1_293' title='bbox 1951 1399 1965 1425; x_wconf 94' lang='lat'>1</span> <span class='ocrx_word' id='word_1_294' title='bbox 1979 1398 1993 1425; x_wconf 90' lang='lat'>1</span> <span class='ocrx_word' id='word_1_295' title='bbox 2005 1397 2030 1433; x_wconf 85' lang='lat'><strong>9</strong></span> 
     </span>
     <span class='ocr_line' id='line_1_74' title="bbox 1228 1436 2035 1491; baseline 0.002 -14"><span class='ocrx_word' id='word_1_296' title='bbox 1228 1436 1529 1477; x_wconf 65' lang='lat' dir='ltr'>Commodator</span> <span class='ocrx_word' id='word_1_297' title='bbox 1553 1440 1714 1491; x_wconf 80' lang='lat' dir='ltr'>quando</span> <span class='ocrx_word' id='word_1_298' title='bbox 1750 1437 1853 1478; x_wconf 77' lang='lat' dir='ltr'>intra</span> <span class='ocrx_word' id='word_1_299' title='bbox 1893 1438 2035 1491; x_wconf 60' lang='lat' dir='ltr'>praedi»</span> 
     </span>
     <span class='ocr_line' id='line_1_75' title="bbox 1279 1490 2025 1547; baseline 0.004 -15"><span class='ocrx_word' id='word_1_300' title='bbox 1279 1493 1390 1532; x_wconf 65' lang='lat' dir='ltr'>&amp;um</span> <span class='ocrx_word' id='word_1_301' title='bbox 1406 1504 1567 1546; x_wconf 83' lang='lat' dir='ltr'>tempus</span> <span class='ocrx_word' id='word_1_302' title='bbox 1597 1505 1682 1533; x_wconf 88' lang='lat' dir='ltr'>rem</span> <span class='ocrx_word' id='word_1_303' title='bbox 1708 1504 1881 1545; x_wconf 77' lang='lat' dir='ltr'>repetere</span> <span class='ocrx_word' id='word_1_304' title='bbox 1897 1490 2025 1547; x_wconf 82' lang='lat' dir='ltr'>poffit.</span> 
     </span>
     <span class='ocr_line' id='line_1_76' title="bbox 1949 1551 2033 1598; baseline 0.012 -11"><span class='ocrx_word' id='word_1_305' title='bbox 1949 1551 2033 1598; x_wconf 80' lang='lat'>284</span> 
     </span>
    </p>

    <p class='ocr_par' dir='ltr' id='par_1_16' title="bbox 1223 1598 2039 2359">
     <span class='ocr_line' id='line_1_77' title="bbox 1225 1598 2031 1656; baseline 0.005 -16"><span class='ocrx_word' id='word_1_306' title='bbox 1225 1598 1480 1642; x_wconf 78' lang='lat' dir='ltr'>communio</span> <span class='ocrx_word' id='word_1_307' title='bbox 1490 1614 1539 1642; x_wconf 78' lang='lat' dir='ltr'>an</span> <span class='ocrx_word' id='word_1_308' title='bbox 1553 1602 1695 1643; x_wconf 86' lang='lat' dir='ltr'>durare</span> <span class='ocrx_word' id='word_1_309' title='bbox 1713 1600 1840 1656; x_wconf 81' lang='lat' dir='ltr'>poffit.</span> <span class='ocrx_word' id='word_1_310' title='bbox 1955 1617 1967 1642; x_wconf 85' lang='grc' dir='ltr'><strong><em>ι</em></strong></span> <span class='ocrx_word' id='word_1_311' title='bbox 1983 1619 1996 1645; x_wconf 83' lang='lat'>1</span> <span class='ocrx_word' id='word_1_312' title='bbox 2009 1614 2031 1652; x_wconf 87' lang='lat'><em>3</em></span> 
     </span>
     <span class='ocr_line' id='line_1_78' title="bbox 1225 1655 2034 1714; baseline 0.004 -17"><span class='ocrx_word' id='word_1_313' title='bbox 1225 1655 1480 1714; x_wconf 82' lang='lat' dir='ltr'>Communio</span> <span class='ocrx_word' id='word_1_314' title='bbox 1495 1657 1642 1710; x_wconf 83' lang='lat' dir='ltr'>quibus</span> <span class='ocrx_word' id='word_1_315' title='bbox 1668 1672 1716 1698; x_wconf 81' lang='lat' dir='ltr'>ex</span> <span class='ocrx_word' id='word_1_316' title='bbox 1730 1656 1853 1698; x_wconf 69' lang='lat' dir='ltr'>causis</span> <span class='ocrx_word' id='word_1_317' title='bbox 1868 1657 2034 1700; x_wconf 72' lang='lat' dir='ltr'>cessave-</span> 
     </span>
     <span class='ocr_line' id='line_1_79' title="bbox 1279 1722 2032 1764; baseline 0.005 -14"><span class='ocrx_word' id='word_1_318' title='bbox 1279 1722 1346 1751; x_wconf 85' lang='lat' dir='ltr'>nt.</span> <span class='ocrx_word' id='word_1_319' title='bbox 1956 1727 1970 1754; x_wconf 87' lang='lat' dir='ltr'>t</span> <span class='ocrx_word' id='word_1_320' title='bbox 1984 1725 2032 1764; x_wconf 87' lang='lat'>14</span> 
     </span>
     <span class='ocr_line' id='line_1_80' title="bbox 1228 1762 2031 1819; baseline 0.006 -14"><span class='ocrx_word' id='word_1_321' title='bbox 1228 1762 1490 1818; x_wconf 76' lang='lat' dir='ltr'>compensari</span> <span class='ocrx_word' id='word_1_322' title='bbox 1506 1780 1586 1808; x_wconf 87' lang='lat' dir='ltr'>non</span> <span class='ocrx_word' id='word_1_323' title='bbox 1605 1766 1729 1819; x_wconf 86' lang='lat' dir='ltr'>potest</span> <span class='ocrx_word' id='word_1_324' title='bbox 1756 1765 1796 1807; x_wconf 88' lang='lat' dir='ltr'>id</span> <span class='ocrx_word' id='word_1_325' title='bbox 1823 1767 1934 1819; x_wconf 87' lang='lat' dir='ltr'>quod</span> <span class='ocrx_word' id='word_1_326' title='bbox 1949 1769 2031 1810; x_wconf 76' lang='lat' dir='ltr'>bel-</span> 
     </span>
     <span class='ocr_line' id='line_1_81' title="bbox 1278 1820 2034 1877; baseline 0.007 -17"><span class='ocrx_word' id='word_1_327' title='bbox 1278 1821 1321 1860; x_wconf 86' lang='lat' dir='ltr'>lo</span> <span class='ocrx_word' id='word_1_328' title='bbox 1339 1820 1498 1862; x_wconf 77' lang='lat' dir='ltr'>causam</span> <span class='ocrx_word' id='word_1_329' title='bbox 1514 1822 1623 1863; x_wconf 87' lang='lat' dir='ltr'>dedit</span> <span class='ocrx_word' id='word_1_330' title='bbox 1637 1854 1649 1873; x_wconf 85' lang='lat'>,</span> <span class='ocrx_word' id='word_1_331' title='bbox 1668 1833 1735 1862; x_wconf 87' lang='lat' dir='ltr'>aut</span> <span class='ocrx_word' id='word_1_332' title='bbox 1749 1821 2034 1877; x_wconf 79' lang='lat' dir='ltr'>juregentium</span> 
     </span>
     <span class='ocr_line' id='line_1_82' title="bbox 1278 1875 2035 1931; baseline 0.001 -15"><span class='ocrx_word' id='word_1_333' title='bbox 1278 1875 1427 1918; x_wconf 58' lang='lat' dir='ltr'>faustum</span> <span class='ocrx_word' id='word_1_334' title='bbox 1439 1877 1504 1918; x_wconf 80' lang='lat' dir='ltr'>cst.</span> <span class='ocrx_word' id='word_1_335' title='bbox 1954 1889 2035 1931; x_wconf 69' lang='lat'>57²·</span> 
     </span>
     <span class='ocr_line' id='line_1_83' title="bbox 1223 1929 2038 1987; baseline 0.002 -15"><span class='ocrx_word' id='word_1_336' title='bbox 1223 1929 1514 1983; x_wconf 70' lang='lat' dir='ltr'>Compensatio</span> <span class='ocrx_word' id='word_1_337' title='bbox 1538 1930 1705 1972; x_wconf 82' lang='lat' dir='ltr'>debetur</span> <span class='ocrx_word' id='word_1_338' title='bbox 1732 1929 1895 1972; x_wconf 82' lang='lat' dir='ltr'>subditis</span> <span class='ocrx_word' id='word_1_339' title='bbox 1908 1962 1919 1977; x_wconf 88' lang='lat'>,</span> <span class='ocrx_word' id='word_1_340' title='bbox 1934 1947 2038 1987; x_wconf 86' lang='lat' dir='ltr'>quo-</span> 
     </span>
     <span class='ocr_line' id='line_1_84' title="bbox 1284 1986 2037 2042; baseline 0.003 -16"><span class='ocrx_word' id='word_1_341' title='bbox 1284 1998 1373 2027; x_wconf 88' lang='lat' dir='ltr'>rum</span> <span class='ocrx_word' id='word_1_342' title='bbox 1389 1986 1497 2026; x_wconf 84' lang='lat' dir='ltr'>bona</span> <span class='ocrx_word' id='word_1_343' title='bbox 1514 2001 1607 2039; x_wconf 70' lang='lat' dir='ltr'>pace</span> <span class='ocrx_word' id='word_1_344' title='bbox 1623 1986 1792 2028; x_wconf 69' lang='lat' dir='ltr'>alienata</span> <span class='ocrx_word' id='word_1_345' title='bbox 1821 1986 1921 2027; x_wconf 87' lang='lat' dir='ltr'>sunt.</span> <span class='ocrx_word' id='word_1_346' title='bbox 1955 1998 2037 2042; x_wconf 85' lang='lat'>576</span> 
     </span>
     <span class='ocr_line' id='line_1_85' title="bbox 1229 2040 2035 2093; baseline 0.002 -10"><span class='ocrx_word' id='word_1_347' title='bbox 1229 2041 1338 2083; x_wconf 85' lang='lat' dir='ltr'>Com</span> <span class='ocrx_word' id='word_1_348' title='bbox 1346 2040 1573 2093; x_wconf 75' lang='lat' dir='ltr'>pensatione</span> <span class='ocrx_word' id='word_1_349' title='bbox 1608 2054 1691 2083; x_wconf 85' lang='lat' dir='ltr'>non</span> <span class='ocrx_word' id='word_1_350' title='bbox 1720 2041 1773 2084; x_wconf 86' lang='lat' dir='ltr'>est</span> <span class='ocrx_word' id='word_1_351' title='bbox 1812 2043 2035 2085; x_wconf 68' lang='lat' dir='ltr'>laedendum</span> 
     </span>
     <span class='ocr_line' id='line_1_86' title="bbox 1275 2096 2034 2149; baseline 0.004 -13"><span class='ocrx_word' id='word_1_352' title='bbox 1275 2096 1338 2149; x_wconf 84' lang='lat' dir='ltr'>jus</span> <span class='ocrx_word' id='word_1_353' title='bbox 1352 2096 1476 2137; x_wconf 83' lang='lat' dir='ltr'>tertii.</span> <span class='ocrx_word' id='word_1_354' title='bbox 1956 2109 2034 2148; x_wconf 76' lang='lat'>57².</span> 
     </span>
     <span class='ocr_line' id='line_1_87' title="bbox 1226 2148 2039 2206; baseline 0 -13"><span class='ocrx_word' id='word_1_355' title='bbox 1226 2148 1522 2204; x_wconf 69' lang='lat' dir='ltr'>compensatur</span> <span class='ocrx_word' id='word_1_356' title='bbox 1533 2164 1626 2192; x_wconf 88' lang='lat' dir='ltr'>cum</span> <span class='ocrx_word' id='word_1_357' title='bbox 1641 2149 1830 2206; x_wconf 85' lang='lat' dir='ltr'>promisso</span> <span class='ocrx_word' id='word_1_358' title='bbox 1858 2164 1920 2192; x_wconf 82' lang='lat' dir='ltr'>res</span> <span class='ocrx_word' id='word_1_359' title='bbox 1934 2150 2039 2206; x_wconf 79' lang='lat' dir='ltr'>inju-</span> 
     </span>
     <span class='ocr_line' id='line_1_88' title="bbox 1279 2207 2030 2257; baseline 0.001 -11"><span class='ocrx_word' id='word_1_360' title='bbox 1279 2207 1330 2246; x_wconf 81' lang='lat' dir='ltr'>sta</span> <span class='ocrx_word' id='word_1_361' title='bbox 1345 2208 1516 2246; x_wconf 82' lang='lat' dir='ltr'>detenta.</span> <span class='ocrx_word' id='word_1_362' title='bbox 1952 2219 2030 2257; x_wconf 83' lang='lat'>571</span> 
     </span>
     <span class='ocr_line' id='line_1_89' title="bbox 1226 2257 2037 2357; baseline 0.001 -53"><span class='ocrx_word' id='word_1_363' title='bbox 1226 2260 1522 2316; x_wconf 79' lang='lat' dir='ltr'>C0111peusatur</span> <span class='ocrx_word' id='word_1_364' title='bbox 1535 2271 1629 2302; x_wconf 87' lang='lat' dir='ltr'>cum</span> <span class='ocrx_word' id='word_1_365' title='bbox 1641 2257 1828 2311; x_wconf 81' lang='lat' dir='ltr'>promisso</span> <span class='ocrx_word' id='word_1_366' title='bbox 1838 2259 2037 2357; x_wconf 47' lang='lat' dir='ltr'>debitzim.</span> 
     </span>
     <span class='ocr_line' id='line_1_90' title="bbox 1932 2317 2023 2359; baseline 0.022 -2"><span class='ocrx_word' id='word_1_367' title='bbox 1932 2318 1947 2357; x_wconf 89' lang='lat' dir='ltr'>i</span> <span class='ocrx_word' id='word_1_368' title='bbox 1972 2317 2023 2359; x_wconf 83' lang='lat' dir='ltr'>id.</span> 
     </span>
    </p>

    <p class='ocr_par' dir='ltr' id='par_1_17' title="bbox 1226 2366 2038 2699">
     <span class='ocr_line' id='line_1_91' title="bbox 1227 2366 2037 2423; baseline 0 -11"><span class='ocrx_word' id='word_1_369' title='bbox 1227 2368 1515 2423; x_wconf 73' lang='lat' dir='ltr'>compensatur</span> <span class='ocrx_word' id='word_1_370' title='bbox 1529 2380 1622 2409; x_wconf 83' lang='lat' dir='ltr'>cum</span> <span class='ocrx_word' id='word_1_371' title='bbox 1640 2366 1828 2420; x_wconf 84' lang='lat' dir='ltr'>promisso</span> <span class='ocrx_word' id='word_1_372' title='bbox 1841 2369 2037 2413; x_wconf 76' lang='lat' dir='ltr'>damnum</span> 
     </span>
     <span class='ocr_line' id='line_1_92' title="bbox 1278 2425 2029 2474; baseline 0.003 -9"><span class='ocrx_word' id='word_1_373' title='bbox 1278 2427 1428 2466; x_wconf 80' lang='lat' dir='ltr'>datum.</span> <span class='ocrx_word' id='word_1_374' title='bbox 1462 2434 1549 2473; x_wconf 82' lang='lat'>572.</span> <span class='ocrx_word' id='word_1_375' title='bbox 1569 2425 1611 2462; x_wconf 73' lang='grc' dir='ltr'>ὃ(</span> <span class='ocrx_word' id='word_1_376' title='bbox 1625 2435 1757 2474; x_wconf 81' lang='lat' dir='ltr'>poena.</span> <span class='ocrx_word' id='word_1_377' title='bbox 1938 2425 2029 2467; x_wconf 78' lang='lat' dir='ltr'>ibid.</span> 
     </span>
     <span class='ocr_line' id='line_1_93' title="bbox 1226 2475 2034 2531; baseline 0 -11"><span class='ocrx_word' id='word_1_378' title='bbox 1226 2475 1514 2531; x_wconf 82' lang='lat' dir='ltr'>Comprorniffi</span> <span class='ocrx_word' id='word_1_379' title='bbox 1545 2475 1634 2518; x_wconf 84' lang='lat' dir='ltr'>usus</span> <span class='ocrx_word' id='word_1_380' title='bbox 1661 2478 1708 2517; x_wconf 78' lang='lat' dir='ltr'>ad</span> <span class='ocrx_word' id='word_1_381' title='bbox 1739 2478 1890 2520; x_wconf 79' lang='lat' dir='ltr'>benum</span> <span class='ocrx_word' id='word_1_382' title='bbox 1905 2479 2034 2520; x_wconf 81' lang='lat' dir='ltr'>vitan-</span> 
     </span>
     <span class='ocr_line' id='line_1_94' title="bbox 1271 2535 2034 2581; baseline 0.004 -8"><span class='ocrx_word' id='word_1_383' title='bbox 1271 2535 1382 2573; x_wconf 81' lang='lat' dir='ltr'>dum.</span> <span class='ocrx_word' id='word_1_384' title='bbox 1956 2544 1974 2580; x_wconf 81' lang='lat'><em>3</em></span> <span class='ocrx_word' id='word_1_385' title='bbox 1981 2543 2034 2581; x_wconf 86' lang='lat'>96</span> 
     </span>
     <span class='ocr_line' id='line_1_95' title="bbox 1228 2582 2038 2642; baseline 0.004 -14"><span class='ocrx_word' id='word_1_386' title='bbox 1228 2582 1439 2629; x_wconf 81' lang='lat' dir='ltr'>Conceffio</span> <span class='ocrx_word' id='word_1_387' title='bbox 1454 2584 1756 2642; x_wconf 62' lang='lat' dir='ltr'>immunitatish</span> <span class='ocrx_word' id='word_1_388' title='bbox 1773 2587 2038 2642; x_wconf 68' lang='lat' dir='ltr'>vectigalibus</span> 
     </span>
     <span class='ocr_line' id='line_1_96' title="bbox 1281 2641 2030 2699; baseline 0.004 -17"><span class='ocrx_word' id='word_1_389' title='bbox 1281 2645 1324 2683; x_wconf 74' lang='grc' dir='ltr'>δε</span> <span class='ocrx_word' id='word_1_390' title='bbox 1342 2641 1506 2682; x_wconf 81' lang='lat' dir='ltr'>tributis</span> <span class='ocrx_word' id='word_1_391' title='bbox 1523 2642 1738 2693; x_wconf 84' lang='lat' dir='ltr'>quomodo</span> <span class='ocrx_word' id='word_1_392' title='bbox 1754 2641 2030 2699; x_wconf 72' lang='lat' dir='ltr'>intelligenda.</span> 
     </span>
    </p>

    <p class='ocr_par' dir='ltr' id='par_1_18' title="bbox 1955 2700 2036 2746">
     <span class='ocr_line' id='line_1_97' title="bbox 1955 2700 2036 2746; baseline -0.025 -9"><span class='ocrx_word' id='word_1_393' title='bbox 1955 2714 1971 2737; x_wconf 82' lang='lat'>2</span> <span class='ocrx_word' id='word_1_394' title='bbox 1985 2700 2036 2746; x_wconf 81' lang='lat'>84</span> 
     </span>
    </p>

    <p class='ocr_par' dir='ltr' id='par_1_19' title="bbox 1233 2749 2039 3023">
     <span class='ocr_line' id='line_1_98' title="bbox 1233 2749 2035 2794; baseline -0.001 -1"><span class='ocrx_word' id='word_1_395' title='bbox 1233 2749 1474 2793; x_wconf 77' lang='lat' dir='ltr'>Concessum</span> <span class='ocrx_word' id='word_1_396' title='bbox 1488 2762 1536 2791; x_wconf 79' lang='lat' dir='ltr'>an</span> <span class='ocrx_word' id='word_1_397' title='bbox 1550 2760 1684 2790; x_wconf 83' lang='lat' dir='ltr'>morte</span> <span class='ocrx_word' id='word_1_398' title='bbox 1711 2749 1946 2793; x_wconf 78' lang='lat' dir='ltr'>concessoris</span> <span class='ocrx_word' id='word_1_399' title='bbox 1974 2753 2035 2794; x_wconf 84' lang='lat' dir='ltr'>in·</span> 
     </span>
     <span class='ocr_line' id='line_1_99' title="bbox 1283 2816 2035 2856; baseline 0.001 -11"><span class='ocrx_word' id='word_1_400' title='bbox 1283 2816 1418 2845; x_wconf 85' lang='lat' dir='ltr'>tereat.</span> <span class='ocrx_word' id='word_1_401' title='bbox 1961 2822 1976 2853; x_wconf 83' lang='lat'>5</span> <span class='ocrx_word' id='word_1_402' title='bbox 1985 2818 2035 2856; x_wconf 83' lang='lat'>97</span> 
     </span>
     <span class='ocr_line' id='line_1_100' title="bbox 1233 2857 2031 2913; baseline 0.001 -13"><span class='ocrx_word' id='word_1_403' title='bbox 1233 2859 1540 2903; x_wconf 78' lang='lat' dir='ltr'>concubinatus</span> <span class='ocrx_word' id='word_1_404' title='bbox 1554 2857 1720 2911; x_wconf 84' lang='lat' dir='ltr'>quidam</span> <span class='ocrx_word' id='word_1_405' title='bbox 1736 2857 1880 2913; x_wconf 85' lang='lat' dir='ltr'>species</span> <span class='ocrx_word' id='word_1_406' title='bbox 1894 2861 2031 2901; x_wconf 78' lang='lat' dir='ltr'>matri-</span> 
     </span>
     <span class='ocr_line' id='line_1_101' title="bbox 1285 2913 2039 2963; baseline -0.005 -9"><span class='ocrx_word' id='word_1_407' title='bbox 1285 2914 1412 2954; x_wconf 87' lang='lat' dir='ltr'>monii</span> <span class='ocrx_word' id='word_1_408' title='bbox 1430 2913 1636 2953; x_wconf 72' lang='lat' dir='ltr'>naturalis.</span> <span class='ocrx_word' id='word_1_409' title='bbox 1956 2922 2039 2963; x_wconf 81' lang='lat'>154</span> 
     </span>
     <span class='ocr_line' id='line_1_102' title="bbox 1233 2966 2039 3023; baseline -0.001 -13"><span class='ocrx_word' id='word_1_410' title='bbox 1233 2969 1376 3010; x_wconf 84' lang='lat' dir='ltr'>Concu</span> <span class='ocrx_word' id='word_1_411' title='bbox 1382 2966 1528 3021; x_wconf 80' lang='lat' dir='ltr'>piscere</span> <span class='ocrx_word' id='word_1_412' title='bbox 1568 2967 1610 3008; x_wconf 89' lang='lat' dir='ltr'>in</span> <span class='ocrx_word' id='word_1_413' title='bbox 1668 2967 1881 3023; x_wconf 81' lang='lat' dir='ltr'>Decalogo</span> <span class='ocrx_word' id='word_1_414' title='bbox 1922 2969 2039 3020; x_wconf 84' lang='lat' dir='ltr'>quid.</span> 
     </span>
    </p>
   </div>
   <div class='ocr_carea' id='block_1_9' title="bbox 1234 3027 2040 3237">
    <p class='ocr_par' dir='ltr' id='par_1_20' title="bbox 1234 3027 2040 3237">
     <span class='ocr_line' id='line_1_103' title="bbox 1235 3027 2037 3125; baseline -0.005 -6"><span class='ocrx_word' id='word_1_415' title='bbox 1235 3075 1476 3119; x_wconf 83' lang='lat' dir='ltr'>Condicere.</span> <span class='ocrx_word' id='word_1_416' title='bbox 1950 3027 2037 3125; x_wconf 49' lang='grc' dir='ltr'>ἐξ</span> 
     </span>
     <span class='ocr_line' id='line_1_104' title="bbox 1234 3129 2040 3186; baseline -0.001 -12"><span class='ocrx_word' id='word_1_417' title='bbox 1234 3129 1435 3174; x_wconf 87' lang='lat' dir='ltr'>Conditio</span> <span class='ocrx_word' id='word_1_418' title='bbox 1448 3143 1529 3172; x_wconf 88' lang='lat' dir='ltr'>non</span> <span class='ocrx_word' id='word_1_419' title='bbox 1543 3130 1710 3186; x_wconf 74' lang='lat' dir='ltr'>impleta</span> <span class='ocrx_word' id='word_1_420' title='bbox 1734 3130 1875 3172; x_wconf 77' lang='lat' dir='ltr'>liberat</span> <span class='ocrx_word' id='word_1_421' title='bbox 1899 3129 2040 3173; x_wconf 81' lang='lat' dir='ltr'>fidem.</span> 
     </span>
     <span class='ocr_line' id='line_1_105' title="bbox 1960 3196 2033 3237; baseline -0.041 0"><span class='ocrx_word' id='word_1_422' title='bbox 1960 3196 1981 3237; x_wconf 80' lang='lat'><em>5</em></span> <span class='ocrx_word' id='word_1_423' title='bbox 1985 3198 2008 3234; x_wconf 92' lang='lat'>7</span> <span class='ocrx_word' id='word_1_424' title='bbox 2018 3199 2033 3225; x_wconf 80' lang='lat'>1</span> 
     </span>
    </p>
   </div>
   <div class='ocr_carea' id='block_1_10' title="bbox 1089 3237 2047 3293">
    <p class='ocr_par' dir='ltr' id='par_1_21' title="bbox 1089 3237 2047 3293">
     <span class='ocr_line' id='line_1_106' title="bbox 1089 3237 2047 3293; baseline -0.003 -11"><span class='ocrx_word' id='word_1_425' title='bbox 1089 3246 1170 3292; x_wconf 64' lang='lat' dir='ltr'>ibid</span> <span class='ocrx_word' id='word_1_426' title='bbox 1238 3237 1502 3282; x_wconf 75' lang='lat' dir='ltr'>Conditiones</span> <span class='ocrx_word' id='word_1_427' title='bbox 1517 3251 1660 3281; x_wconf 82' lang='lat' dir='ltr'>contra</span> <span class='ocrx_word' id='word_1_428' title='bbox 1673 3252 1767 3282; x_wconf 87' lang='lat' dir='ltr'>eum</span> <span class='ocrx_word' id='word_1_429' title='bbox 1785 3269 1798 3292; x_wconf 89' lang='lat'>,</span> <span class='ocrx_word' id='word_1_430' title='bbox 1827 3237 1898 3293; x_wconf 83' lang='lat' dir='ltr'>qui</span> <span class='ocrx_word' id='word_1_431' title='bbox 1910 3239 2047 3281; x_wconf 70' lang='lat' dir='ltr'>eiocu-</span> 
     </span>
    </p>
   </div>
   <div class='ocr_carea' id='block_1_11' title="bbox 1525 3294 2047 3345">
    <p class='ocr_par' dir='ltr' id='par_1_22' title="bbox 1525 3294 2047 3345">
     <span class='ocr_line' id='line_1_107' title="bbox 1525 3294 2047 3345; baseline -0.004 -7"><span class='ocrx_word' id='word_1_432' title='bbox 1525 3294 1604 3339; x_wconf 83' lang='lat' dir='ltr'>Rr</span> <span class='ocrx_word' id='word_1_433' title='bbox 1632 3304 1664 3345; x_wconf 83' lang='lat'><strong>4</strong></span> <span class='ocrx_word' id='word_1_434' title='bbox 1981 3304 2047 3336; x_wconf 83' lang='lat' dir='ltr'>tus</span> 
     </span>
    </p>
   </div>
  </div>
 </body>
</html>
