2475 3854
529 278 1514 324 acraers,1.113.111.·
1760 291 1834 333 459

176 344 277 411 plus
291 347 481 396 licentiae
493 345 544 394 fit
558 348 601 393 in
627 347 750 394 bello
772 385 783 404 ‚
819 363 953 409 quam
970 349 1015 394 in
1027 349 1292 412 pignorandi
1311 351 1423 410 jure.
1458 350 1517 396 Et
1535 347 1624 395 hoc
1637 349 1825 412 quidem
1841 369 2033 404 Adam),

176 409 305 472 quod
332 410 426 456 dixi
459 411 502 469 in
529 411 775 474 peregrinis
790 412 865 472 qui
893 411 1130 458 commiffo
1151 415 1428 478 cognitoque
1443 411 1564 459 bello
1582 414 1702 460 intra
1716 414 1824 461 fines
1840 417 2024 464 Adnisi-'¹³‘-

173 471 372 519 hosticos
385 473 586 529 veniunt,
610 471 939 520 dubitationem
953 489 1044 521 non
1064 473 1215 521 habet.

240 532 320 580 VI
338 534 375 580 Ι.
410 534 472 580 At
489 536 681 597 quiante
696 534 863 582 bellurn
883 540 939 583 eo
955 537 1127 583 iverant
1146 575 1158 594 ‚
1176 537 1391 585 videntur
1405 539 1506 599 jure
1520 540 1721 601 gentium
1736 555 1821 603 pro

173 593 375 644 hostibus
390 595 545 643 haberi
559 596 585 624 *
602 597 700 658 post
712 598 948 645 modicum
959 613 1137 661 tempus
1155 601 1265 646 intra
1276 601 1402 662 quod
1419 600 1650 648 discedere
1660 616 1825 663 potue-

174 674 294 705 rant.
326 658 452 706 Nam
475 658 534 706 fic
551 660 851 722 Epidamnum
873 659 1084 707 obsessuri
1103 658 1334 724 Corcyraei
1358 665 1605 728 peregrinis
1624 666 1821 726 primum
1837 674 1978 713 nnat.
1996 681 2033 709 1.

174 719 436 768 discedendi
447 719 672 782 facIebant
686 724 866 788 copiam
884 759 895 775 ,
920 722 1231 772 denuntiantes
1247 723 1413 789 alioqui
1433 726 1518 790 pro
1534 726 1735 774 hostibus
1752 725 1827 779 fu-

173 796 321 831 turos.

240 846 283 907 V
301 846 321 893 I
338 846 358 894 Ι
378 847 411 897 Ι.
449 848 540 907 Qi
557 861 708 894 autem
726 862 833 894 vere
851 847 1011 896 subditi
1030 849 1126 896 sunt
1159 849 1353 897 hostium
1371 889 1385 907 ,
1411 866 1469 897 ex
1499 853 1628 899 causa
1652 851 1823 898 scilicet

174 923 465 972 permanente
478 948 489 966 ,
521 926 601 957 eos
616 909 847 957 offendere
860 912 1025 975 ubique
1040 913 1249 959 locorum
1268 914 1367 972 jure
1384 914 1474 960 hoc
1523 916 1690 961 entium
1706 914 1825 965 licet,

174 972 205 1033 fi
221 971 420 1036 ipsorum
436 972 671 1042 personam
685 972 960 1033 respicimus.
996 974 1123 1021 Nam
1138 991 1241 1021 cum
1259 975 1387 1022 alicui
1415 976 1487 1022 bel
1507 994 1584 1024 um
1597 977 1823 1031 indicitur,

174 1035 302 1084 fimul
319 1034 531 1082 indicitur
545 1037 642 1096 ejus
659 1036 813 1100 populi
831 1035 1088 1084 hominibus
1107 1075 1119 1092 ‚
1147 1050 1197 1083 ut
1227 1038 1355 1101 supra
1379 1037 1650 1085 ostendimus
1665 1040 1708 1084 in
1726 1038 1827 1084 for-

174 1098 298 1145 mula
315 1096 587 1146 indie-lionis:
605 1097 661 1145 fic
674 1099 722 1144 &
736 1099 779 1144 in
798 1097 986 1146 decreto
1007 1115 1020 1148 t
1048 1103 1366 1158 Vellentjuberent
1378 1105 1542 1164 Philippo
1557 1109 1632 1163 regi
1642 1105 1825 1147 Macedo·
1843 1104 1955 1138 l-lvfffl
1981 1101 2060 1138 [ἱῦΓο

174 1164 358 1222 nibufijue
368 1167 436 1222 qui
458 1164 531 1222 fid)
546 1180 654 1221 regno
670 1167 746 1221 ejus
757 1165 865 1223 effint
883 1166 1017 1209 bellum
1041 1166 1176 1209 indici.
1207 1161 1363 1210 Hostis
1376 1177 1527 1210 autem
1544 1165 1617 1227 qui
1631 1163 1708 1220 est,
1723 1161 1823 1209 ubi·
1841 1159 1955 1185 '‘xx“

176 1239 264 1287 que
280 1222 520 1274 secundum
535 1225 605 1284 jus
622 1225 824 1285 gentium
843 1225 998 1286 impeti
1017 1224 1178 1280 potest.
1214 1224 1450 1289 Euripides
1465 1240 1481 1273 :

398 1285 550 1340 Niga&
566 1281 613 1343 753
624 1286 749 1340 ἐχῖρόν
765 1286 851 1343 δὶοοζίν
863 1288 940 1329 ’ὄπ-3
964 1283 1087 1342 MCC&
1100 1290 1237 1337 χρικᾶἵς.

399 1346 612 1403 Vbicunque
622 1345 909 1404 prensumjura
919 1348 1000 1389 laedz'
1016 1347 1151 1401 hostem
1170 1346 1320 1404 finum.

174 1403 435 1451 Marcianus
468 1403 804 1451 Iurisconsultus
831 1421 843 1453 z
868 1409 1104 1466 Transficgas
1130 1409 1214 1452 licet
1242 1401 1454 1466 ubicunque
1481 1410 1634 1453 inventi
1644 1409 1795 1469 fuerint
1810 1438 1820 1453 ‚
1844 1413 1886 1445 L·
1904 1417 1938 1453 32
1953 1410 1984 1442 2⁷1
1992 1409 2060 1452 fine

175 1468 287 1529 quasi
300 1469 412 1523 hostes
428 1469 632 1524 interficere
676 1467 869 1514 Interfici
899 1482 1012 1531 ergo
1028 1466 1207 1529 possunt
1224 1469 1405 1530 impune
1421 1468 1466 1512 in
1496 1467 1592 1514 solo
1616 1468 1823 1531 proprio,
1846 1456 2038 1548 {2:2¹ss-

174 1532 221 1577 in
241 1529 337 1575 solo
358 1529 501 1575 hostili
522 1566 534 1584 ,
568 1531 610 1576 in
629 1527 724 1576 solo
743 1530 918 1580 nullius,
945 1532 991 1577 in
1010 1530 1139 1577 mari.
1173 1531 1220 1577 In
1237 1531 1470 1576 territorio
1502 1545 1649 1577 autem
1666 1543 1828 1592 pacato
1846 1518 1948 1591 &im-‚2
2038 1524 2054 1540 s

175 1591 300 1656 quod
316 1608 394 1638 eos
413 1592 662 1638 interficere
676 1607 754 1639 aut
771 1593 942 1640 violare
958 1609 1049 1639 non
1066 1593 1171 1640 licet
1186 1630 1196 1642 ,
1213 1593 1261 1639 id
1275 1595 1341 1652 jus
1357 1608 1446 1637 non
1461 1607 1518 1639 ex
1533 1590 1732 1653 ipsorum
1752 1607 1831 1637 ve-

176 1658 244 1702 nit
263 1653 448 1717 persona
465 1693 477 1712 ,
496 1652 522 1682 *
541 1653 614 1700 sed
631 1670 689 1701 ex
707 1656 801 1713 jure
819 1657 915 1714 ejus
927 1658 1001 1718 qui
1017 1654 1080 1702 ibi
1093 1657 1334 1719 imperium
1351 1653 1502 1701 habet.
1534 1653 1661 1700 Nam
1676 1653 1831 1700 civiles

175 1717 412 1764 societates
427 1716 695 1764 constituere
727 1732 968 1781 potuerunt
985 1719 1028 1764 in
1057 1732 1138 1765 eos
1155 1720 1286 1781 quiin
1303 1718 1453 1780 aliquo
1473 1716 1571 1763 sunt
1591 1718 1831 1763 territorio

174 1780 286 1827 nihil
296 1795 376 1843 per
392 1781 483 1826 vim
496 1781 568 1841 agi
592 1781 686 1830 ‚nifi
702 1780 874 1841 judicio
896 1794 1074 1828 tentato
1097 1797 1107 1828 :
1134 1782 1244 1837 ficut
1260 1797 1318 1828 ex
1335 1778 1550 1843 Euripide
1568 1781 1803 1828 citavimus
1819 1795 1835 1826 ;

397 1849 436 1888 Si
456 1861 592 1889 crimen
606 1847 680 1901 istis
693 1848 848 1906 aliquod
861 1848 1063 1906 hospitibus
1069 1847 1188 1903 struis

402 1914 464 1950 Ius
480 1910 702 1966 impetrabis
722 1914 790 1953 :vi
805 1909 962 1968 quidem
977 1910 1066 1953 hinc
1077 1926 1149 1952 non
1163 1909 1367 1965 abstrahes.
1668 1957 1671 1959 ,
1812 1959 1815 1961 ,

174 1967 266 2014 Vbi
285 1981 435 2012 autem
452 1965 620 2026 judicia
637 1969 806 2032 vigent,
824 1967 886 2014 ibi
904 1966 1195 2030 personarum
1215 1968 1465 2030 spestantur
1483 1967 1658 2026 merita,
1678 1968 1728 2012 δε
1743 1967 1836 2014 (τρίζ-

174 2031 240 2078 sttt
269 2032 336 2088 jus
353 2028 464 2074 istud
497 2029 802 2086 promiscuum
833 2030 1027 2077 nocendi
1046 2070 1058 2086 ,
1086 2031 1211 2093 quod
1227 2035 1343 2078 inter
1364 2031 1512 2077 hostes
1525 2029 1834 2076 introduffihim

175 2093 385 2139 dicimus.
424 2096 450 2124 ³<
464 2089 637 2138 Narrat
649 2092 803 2139 Livius
820 2092 990 2156 septem
1009 2096 1214 2140 triremes
1232 2094 1476 2140 Poenorum
1492 2092 1616 2140 fuisse
1633 2094 1677 2137 in
1695 2107 1830 2153 portu
1849 2105 1944 2138 Libra

175 2157 274 2213 ejus
292 2153 475 2200 ditionis
497 2154 566 2200 cui
599 2154 660 2216 Sy
696 2156 785 2202 hax
801 2155 1049 2217 imperabat
1067 2194 1079 2211 ,
1109 2156 1178 2202 cui
1208 2172 1294 2218 pax
1311 2172 1370 2204 eo
1386 2170 1595 2218 tempore
1612 2169 1707 2200 erar
1726 2171 1831 2200 cum
1850 2158 1967 2185 ’⁴³0'ss
1980 2158 2014 2186 ¹·

178 2214 622 2278 Carthaginiensibus
692 2218 970 2279 omanisque.
998 2217 1221 2264 advenisse
1237 2234 1295 2264 eo
1318 2234 1420 2265 cum
1435 2216 1606 2263 duabus
1633 2218 1833 2263 triremi-

176 2278 261 2327 bus
280 2277 538 2339 Scipionem
551 2281 857 2342 :opprimique
874 2284 899 2325 a
918 2281 1067 2327 Poenis
1084 2280 1273 2343 potuisse
1290 2279 1543 2343 priusquam
1562 2293 1746 2340 portum
1763 2280 1834 2323 in·-

175 2355 374 2388 trarent:
401 2337 476 2386 sed
492 2355 627 2387 vento
645 2343 823 2389 acriore
840 2342 1041 2389 illatasin
1057 2355 1244 2400 portum
1273 2357 1510 2403 antequam
1527 2340 1652 2389 Poeni
1665 2342 1836 2386 ancho-

176 2421 248 2452 ras
269 2403 550 2449 molirentur:
564 2417 660 2449 tum
678 2418 791 2451 vero
809 2404 976 2462 Poenos
988 2404 1096 2461 nihil
1111 2403 1238 2451 ausos
1251 2405 1295 2449 in
1313 2405 1442 2465 regio
1459 2418 1614 2466 portu.

246 2466 344 2514 IX.
379 2462 606 2524 Coeterum
625 2480 676 2511 ut
691 2466 749 2511 ad
765 2482 860 2512 rem
874 2466 1058 2512 redeam
1075 2504 1086 2521 ‚
1118 2482 1250 2527 quam
1268 2466 1356 2512 late
1369 2467 1547 2511 licentia
1571 2463 1648 2510 ista
1661 2462 1704 2509 se
1722 2479 1831 2525 pro-

176 2527 334 2577 tendat
365 2526 434 2582 vel
450 2526 549 2573 hinc
564 2527 830 2591 intelligitur
848 2566 859 2584 ,
895 2528 1021 2590 quod
1036 2527 1273 2574 infantium
1301 2526 1482 2589 quoque
1497 2530 1543 2573 &
1557 2525 1830 2572 feminarum

177 2591 322 2639 caedes
337 2591 517 2652 impune
533 2589 724 2636 habetur
739 2628 750 2646 ,
769 2592 818 2637 &
834 2590 917 2637 isto
930 2590 1032 2636 belli
1051 2591 1151 2649 jure
1167 2589 1584 2652 comprehenditur.
1613 2587 1727 2634 Non
1744 2590 1830 2635 huc

179 2652 384 2702 adferam
398 2651 521 2714 quod
539 2650 897 2699 Hesbonitarum
912 2652 1102 2699 feminas
1120 2653 1338 2714 &pueros
1351 2651 1533 2698 Hebraei
1551 2649 1833 2705 occiderunt,
1850 2660 1989 2692 Denter.
2005 2665 2063 2696 ir.

179 2719 230 2764 &
245 2713 372 2778 quod
399 2713 522 2774 idem
547 2715 640 2774 fieri
659 2715 907 2776 imperatur
924 2715 968 2759 in
986 2713 1235 2761 Cananaeos
1250 2752 1262 2770 ,
1296 2714 1322 2743 *
1339 2716 1387 2759 &
1413 2729 1607 2775 quorum
1624 2728 1831 2759 connexa
1852 2713 1925 2785 ἓν,
2024 2762 2049 2773 v,

179 2795 285 2838 cum
304 2776 534 2824 Cananaeis
550 2791 647 2823 erat
660 2777 789 2832 causa
807 2794 817 2825 :
837 2777 924 2824 Dei
942 2776 1020 2823 ista
1032 2775 1128 2822 sunt
1143 2791 1283 2838 opera
1303 2816 1313 2831 ‚
1343 2771 1466 2837 cuins
1481 2778 1525 2822 in
1542 2776 1749 2822 homines
1766 2777 1833 2835 jus
1856 2761 1987 2833 ,ἕλω
1999 2763 2065 2795 '‘⁴‘’

180 2842 324 2898 majus
342 2839 416 2893 est,
434 2855 567 2899 quam
586 2840 824 2886 hominum
838 2841 882 2886 in
900 2837 1057 2885 bestias
1072 2852 1122 2885 ut
1136 2838 1241 2885 alibi
1256 2835 1551 2886 differuimus.
1585 2836 1702 2884 Illud
1724 2853 1834 2900 pro-

214 2903 280 2948 ius
293 2901 468 2947 accedit
497 2902 553 2947 ad
582 2901 832 2948 testandum
848 2917 1026 2948 morem
1056 2917 1348 2949 communem
1375 2903 1578 2964 gentium
1598 2939 1609 2955 ‚
1647 2900 1772 2961 quod
1789 2901 1830 2945 in
1851 2918 1972 2964 ffilmo

225 2963 364 3009 [almo
381 2961 536 3008 beatus
564 2962 729 3009 dicitur
757 2963 860 3010 fore
890 2965 963 3026 qui
997 2963 1357 3025 Babyloniorum
1372 2964 1563 3013 infantes
1590 2977 1722 3027 petrae
1741 2960 1832 3020 alli-
1852 2970 2008 3000 cxxxvi.

184 3025 278 3083 det,
296 3025 370 3071 cui
385 3038 466 3084 par
483 3024 544 3073 est
562 3028 586 3054 *
600 3025 903 3073 Homericum
919 3026 1028 3100 illud
1049 3041 1061 3072 :
1120 3087 1128 3102 Ι

890 3106 955 3139 Ψ
965 3104 1074 3131 νήπιοι
1087 3105 1201 3140 myos

401 3139 618 3196 Bambpgux
632 3146 739 3193 weyt?
752 3142 820 3191 οἷςυ
831 3145 873 3186 οἱ
888 3146 983 3201 olem*
993 3142 1153 3202 ἕᾊότηῖς.
1193 3140 1195 3142 ¹

708 3211 878 3268 Illisaque
890 3224 1034 3269 corpora
1050 3225 1152 3254 terra

407 3272 622 3330 Infantum‚
630 3271 755 3329 savin
771 3271 863 3315 dum
875 3276 1035 3329 :metuit
1045 3275 1172 3317 omnia
1181 3277 1256 3333 Ma
1261 3285 1362 3325 vars,

1683 3328 1837 3377 Thra-e
