<?xml version="1.0" encoding="UTF-8"?>
<!DOCTYPE html PUBLIC "-//W3C//DTD XHTML 1.0 Transitional//EN"
    "http://www.w3.org/TR/xhtml1/DTD/xhtml1-transitional.dtd">
<html xmlns="http://www.w3.org/1999/xhtml" xml:lang="en" lang="en">
 <head>
  <title>
</title>
<meta http-equiv="Content-Type" content="text/html;charset=utf-8" />
  <meta name='ocr-system' content='tesseract 3.04.00' />
  <meta name='ocr-capabilities' content='ocr_page ocr_carea ocr_par ocr_line ocrx_word'/>
</head>
<body>
  <div class='ocr_page' id='page_1' title='image "./hugonisgrottiide010grotuoft_0619.png"; bbox 0 0 2475 3854; ppageno 0'>
   <div class='ocr_carea' id='block_1_1' title="bbox 580 299 1919 350">
    <p class='ocr_par' dir='ltr' id='par_1_1' title="bbox 580 299 1919 350">
     <span class='ocr_line' id='line_1_1' title="bbox 580 299 1919 350; baseline 0.003 -14"><span class='ocrx_word' id='word_1_1' title='bbox 580 299 1591 344; x_wconf 70' lang='lat' dir='ltr'>ACPACIS,LBB.111.</span> <span class='ocrx_word' id='word_1_2' title='bbox 1849 304 1919 350; x_wconf 81' lang='lat'>565</span> 
     </span>
    </p>
   </div>
   <div class='ocr_carea' id='block_1_2' title="bbox 247 362 2138 2304">
    <p class='ocr_par' dir='ltr' id='par_1_2' title="bbox 265 362 1917 428">
     <span class='ocr_line' id='line_1_2' title="bbox 265 362 1917 428; baseline 0.004 -19"><span class='ocrx_word' id='word_1_3' title='bbox 265 364 312 409; x_wconf 85' lang='lat' dir='ltr'>in</span> <span class='ocrx_word' id='word_1_4' title='bbox 331 362 454 410; x_wconf 80' lang='lat' dir='ltr'>bello</span> <span class='ocrx_word' id='word_1_5' title='bbox 472 363 586 424; x_wconf 83' lang='lat' dir='ltr'>justo</span> <span class='ocrx_word' id='word_1_6' title='bbox 613 365 796 414; x_wconf 86' lang='lat' dir='ltr'>cuilibet</span> <span class='ocrx_word' id='word_1_7' title='bbox 822 366 1074 414; x_wconf 75' lang='lat' dir='ltr'>concessum</span> <span class='ocrx_word' id='word_1_8' title='bbox 1087 380 1139 413; x_wconf 86' lang='lat' dir='ltr'>ea</span> <span class='ocrx_word' id='word_1_9' title='bbox 1156 363 1306 412; x_wconf 89' lang='lat' dir='ltr'>facere</span> <span class='ocrx_word' id='word_1_10' title='bbox 1322 381 1419 428; x_wconf 85' lang='lat' dir='ltr'>quae</span> <span class='ocrx_word' id='word_1_11' title='bbox 1429 365 1543 428; x_wconf 87' lang='lat' dir='ltr'>parti</span> <span class='ocrx_word' id='word_1_12' title='bbox 1557 365 1783 412; x_wconf 84' lang='lat' dir='ltr'>innocenti</span> <span class='ocrx_word' id='word_1_13' title='bbox 1800 366 1917 415; x_wconf 83' lang='lat' dir='ltr'>intra</span> 
     </span>
    </p>

    <p class='ocr_par' dir='ltr' id='par_1_3' title="bbox 259 426 1915 492">
     <span class='ocr_line' id='line_1_3' title="bbox 259 426 1915 492; baseline 0.004 -21"><span class='ocrx_word' id='word_1_14' title='bbox 259 426 422 485; x_wconf 82' lang='lat' dir='ltr'>justum</span> <span class='ocrx_word' id='word_1_15' title='bbox 452 426 647 474; x_wconf 86' lang='lat' dir='ltr'>bellandi</span> <span class='ocrx_word' id='word_1_16' title='bbox 671 429 862 476; x_wconf 87' lang='lat' dir='ltr'>modum</span> <span class='ocrx_word' id='word_1_17' title='bbox 879 428 1117 492; x_wconf 86' lang='lat' dir='ltr'>profutura</span> <span class='ocrx_word' id='word_1_18' title='bbox 1145 428 1333 474; x_wconf 85' lang='lat' dir='ltr'>confidit</span> <span class='ocrx_word' id='word_1_19' title='bbox 1354 444 1366 477; x_wconf 92' lang='lat'><strong>:</strong></span> <span class='ocrx_word' id='word_1_20' title='bbox 1400 442 1491 473; x_wconf 83' lang='lat' dir='ltr'>non</span> <span class='ocrx_word' id='word_1_21' title='bbox 1509 427 1643 473; x_wconf 87' lang='lat' dir='ltr'>etiam</span> <span class='ocrx_word' id='word_1_22' title='bbox 1663 444 1733 475; x_wconf 88' lang='lat' dir='ltr'>res</span> <span class='ocrx_word' id='word_1_23' title='bbox 1760 444 1915 489; x_wconf 87' lang='lat' dir='ltr'>captas</span> 
     </span>
    </p>

    <p class='ocr_par' dir='ltr' id='par_1_4' title="bbox 257 487 1916 617">
     <span class='ocr_line' id='line_1_4' title="bbox 258 487 1912 555; baseline 0.002 -20"><span class='ocrx_word' id='word_1_24' title='bbox 258 487 354 535; x_wconf 85' lang='lat' dir='ltr'>suas</span> <span class='ocrx_word' id='word_1_25' title='bbox 372 487 519 535; x_wconf 83' lang='lat' dir='ltr'>facere</span> <span class='ocrx_word' id='word_1_26' title='bbox 538 527 548 546; x_wconf 84' lang='lat'>‚</span> <span class='ocrx_word' id='word_1_27' title='bbox 564 492 666 552; x_wconf 86' lang='lat' dir='ltr'>quia</span> <span class='ocrx_word' id='word_1_28' title='bbox 678 492 785 538; x_wconf 84' lang='lat' dir='ltr'>nihil</span> <span class='ocrx_word' id='word_1_29' title='bbox 803 492 880 555; x_wconf 81' lang='lat' dir='ltr'>ipfi</span> <span class='ocrx_word' id='word_1_30' title='bbox 899 491 1092 539; x_wconf 85' lang='lat' dir='ltr'>debetur</span> <span class='ocrx_word' id='word_1_31' title='bbox 1111 506 1124 539; x_wconf 90' lang='lat'><strong>:</strong></span> <span class='ocrx_word' id='word_1_32' title='bbox 1152 490 1227 536; x_wconf 83' lang='lat' dir='ltr'>nisi</span> <span class='ocrx_word' id='word_1_33' title='bbox 1248 489 1370 537; x_wconf 85' lang='lat' dir='ltr'>forte</span> <span class='ocrx_word' id='word_1_34' title='bbox 1386 505 1566 553; x_wconf 78' lang='lat' dir='ltr'>poenam</span> <span class='ocrx_word' id='word_1_35' title='bbox 1581 489 1738 548; x_wconf 84' lang='lat' dir='ltr'>justam</span> <span class='ocrx_word' id='word_1_36' title='bbox 1756 493 1912 554; x_wconf 79' lang='lat' dir='ltr'>exigat</span> 
     </span>
     <span class='ocr_line' id='line_1_5' title="bbox 257 551 1916 617; baseline 0.002 -21"><span class='ocrx_word' id='word_1_37' title='bbox 257 553 493 597; x_wconf 91' lang='lat' dir='ltr'>communi</span> <span class='ocrx_word' id='word_1_38' title='bbox 525 553 757 600; x_wconf 88' lang='lat' dir='ltr'>hominum</span> <span class='ocrx_word' id='word_1_39' title='bbox 779 557 878 614; x_wconf 83' lang='lat' dir='ltr'>jure</span> <span class='ocrx_word' id='word_1_40' title='bbox 898 591 908 602; x_wconf 89' lang='lat'>.</span> <span class='ocrx_word' id='word_1_41' title='bbox 944 553 1085 617; x_wconf 87' lang='lat' dir='ltr'>Qod</span> <span class='ocrx_word' id='word_1_42' title='bbox 1107 552 1382 616; x_wconf 86' lang='lat' dir='ltr'>postremum</span> <span class='ocrx_word' id='word_1_43' title='bbox 1401 551 1644 615; x_wconf 84' lang='lat' dir='ltr'>quomodo</span> <span class='ocrx_word' id='word_1_44' title='bbox 1669 567 1750 615; x_wconf 86' lang='lat' dir='ltr'>per</span> <span class='ocrx_word' id='word_1_45' title='bbox 1767 554 1916 601; x_wconf 88' lang='lat' dir='ltr'>Euan-</span> 
     </span>
    </p>

    <p class='ocr_par' dir='ltr' id='par_1_5' title="bbox 258 612 2138 742">
     <span class='ocr_line' id='line_1_6' title="bbox 258 612 2138 678; baseline 0.006 -22"><span class='ocrx_word' id='word_1_46' title='bbox 258 612 364 676; x_wconf 83' lang='lat' dir='ltr'>gelii</span> <span class='ocrx_word' id='word_1_47' title='bbox 392 613 540 675; x_wconf 76' lang='lat' dir='ltr'>legem</span> <span class='ocrx_word' id='word_1_48' title='bbox 556 615 801 663; x_wconf 66' lang='lat' dir='ltr'>restrictum</span> <span class='ocrx_word' id='word_1_49' title='bbox 827 617 880 665; x_wconf 81' lang='lat' dir='ltr'>fit</span> <span class='ocrx_word' id='word_1_50' title='bbox 906 632 963 662; x_wconf 81' lang='lat' dir='ltr'>ex</span> <span class='ocrx_word' id='word_1_51' title='bbox 982 618 1048 662; x_wconf 90' lang='lat' dir='ltr'>his</span> <span class='ocrx_word' id='word_1_52' title='bbox 1067 631 1160 678; x_wconf 80' lang='lat' dir='ltr'>quae</span> <span class='ocrx_word' id='word_1_53' title='bbox 1176 615 1307 678; x_wconf 80' lang='lat' dir='ltr'>supra</span> <span class='ocrx_word' id='word_1_54' title='bbox 1323 620 1349 663; x_wconf 72' lang='lat' dir='ltr'>a</span> <span class='ocrx_word' id='word_1_55' title='bbox 1368 613 1499 662; x_wconf 87' lang='lat' dir='ltr'>nobis</span> <span class='ocrx_word' id='word_1_56' title='bbox 1517 613 1708 661; x_wconf 64' lang='lat' dir='ltr'>traetata</span> <span class='ocrx_word' id='word_1_57' title='bbox 1734 615 1828 662; x_wconf 87' lang='lat' dir='ltr'>sunt</span> <span class='ocrx_word' id='word_1_58' title='bbox 1845 618 1914 663; x_wconf 90' lang='lat' dir='ltr'>in·</span> <span class='ocrx_word' id='word_1_59' title='bbox 1931 629 2032 674; x_wconf 62' lang='lat' dir='ltr'>Lar,</span> <span class='ocrx_word' id='word_1_60' title='bbox 2048 637 2138 675; x_wconf 79' lang='lat' dir='ltr'><em>c.17.</em></span> 
     </span>
     <span class='ocr_line' id='line_1_7' title="bbox 259 674 1914 742; baseline 0.004 -23"><span class='ocrx_word' id='word_1_61' title='bbox 259 674 398 733; x_wconf 63' lang='lat' dir='ltr'>telligi</span> <span class='ocrx_word' id='word_1_62' title='bbox 417 678 574 738; x_wconf 85' lang='lat' dir='ltr'>potest.</span> <span class='ocrx_word' id='word_1_63' title='bbox 607 678 882 727; x_wconf 86' lang='lat' dir='ltr'>Mandatum</span> <span class='ocrx_word' id='word_1_64' title='bbox 899 693 1050 725; x_wconf 85' lang='lat' dir='ltr'>autem</span> <span class='ocrx_word' id='word_1_65' title='bbox 1068 678 1153 724; x_wconf 81' lang='lat' dir='ltr'>effe</span> <span class='ocrx_word' id='word_1_66' title='bbox 1178 678 1324 740; x_wconf 86' lang='lat' dir='ltr'>potest</span> <span class='ocrx_word' id='word_1_67' title='bbox 1341 693 1418 725; x_wconf 82' lang='lat' dir='ltr'>aut</span> <span class='ocrx_word' id='word_1_68' title='bbox 1461 676 1637 722; x_wconf 85' lang='lat' dir='ltr'>enerale</span> <span class='ocrx_word' id='word_1_69' title='bbox 1649 691 1726 723; x_wconf 81' lang='lat' dir='ltr'>aut</span> <span class='ocrx_word' id='word_1_70' title='bbox 1746 677 1914 742; x_wconf 80' lang='lat' dir='ltr'>specia-</span> 
     </span>
    </p>

    <p class='ocr_par' dir='ltr' id='par_1_6' title="bbox 247 735 2117 986">
     <span class='ocr_line' id='line_1_8' title="bbox 257 735 2095 805; baseline 0.001 -22"><span class='ocrx_word' id='word_1_71' title='bbox 257 735 311 783; x_wconf 90' lang='lat' dir='ltr'>le.</span> <span class='ocrx_word' id='word_1_72' title='bbox 347 738 567 786; x_wconf 80' lang='lat' dir='ltr'>Generale</span> <span class='ocrx_word' id='word_1_73' title='bbox 586 743 690 786; x_wconf 81' lang='lat' dir='ltr'>utin</span> <span class='ocrx_word' id='word_1_74' title='bbox 705 742 900 788; x_wconf 83' lang='lat' dir='ltr'>tumultu</span> <span class='ocrx_word' id='word_1_75' title='bbox 921 740 1037 805; x_wconf 83' lang='lat' dir='ltr'>apud</span> <span class='ocrx_word' id='word_1_76' title='bbox 1056 740 1288 786; x_wconf 84' lang='lat' dir='ltr'>Romanos</span> <span class='ocrx_word' id='word_1_77' title='bbox 1307 739 1412 787; x_wconf 89' lang='lat' dir='ltr'>Con</span> <span class='ocrx_word' id='word_1_78' title='bbox 1434 737 1477 784; x_wconf 89' lang='lat' dir='ltr'>ul</span> <span class='ocrx_word' id='word_1_79' title='bbox 1495 737 1674 785; x_wconf 86' lang='lat' dir='ltr'>dicebat</span> <span class='ocrx_word' id='word_1_80' title='bbox 1694 776 1705 796; x_wconf 93' lang='lat'>‚</span> <span class='ocrx_word' id='word_1_81' title='bbox 1727 750 1796 803; x_wconf 84' lang='lat' dir='ltr'>qus·</span> <span class='ocrx_word' id='word_1_82' title='bbox 1811 761 1912 787; x_wconf 84' lang='lat' dir='ltr'>rem-</span> <span class='ocrx_word' id='word_1_83' title='bbox 1930 749 2029 784; x_wconf 75' lang='lat' dir='ltr'>serv.</span> <span class='ocrx_word' id='word_1_84' title='bbox 2051 751 2095 784; x_wconf 69' lang='lat' dir='ltr'>ad</span> 
     </span>
     <span class='ocr_line' id='line_1_9' title="bbox 247 800 2117 876; baseline 0.003 -34"><span class='ocrx_word' id='word_1_85' title='bbox 247 802 444 860; x_wconf 63' lang='lat' dir='ltr'>publitam</span> <span class='ocrx_word' id='word_1_86' title='bbox 468 806 619 858; x_wconf 73' lang='lat' dir='ltr'>fialvam</span> <span class='ocrx_word' id='word_1_87' title='bbox 636 808 772 850; x_wconf 80' lang='lat' dir='ltr'>volunt</span> <span class='ocrx_word' id='word_1_88' title='bbox 797 824 858 849; x_wconf 87' lang='lat' dir='ltr'>me</span> <span class='ocrx_word' id='word_1_89' title='bbox 875 807 1105 864; x_wconf 70' lang='lat' dir='ltr'>sequantur.</span> <span class='ocrx_word' id='word_1_90' title='bbox 1139 803 1239 848; x_wconf 73' lang='lat' dir='ltr'>Iino</span> <span class='ocrx_word' id='word_1_91' title='bbox 1254 804 1302 848; x_wconf 86' lang='lat'>&amp;</span> <span class='ocrx_word' id='word_1_92' title='bbox 1317 802 1492 865; x_wconf 72' lang='lat' dir='ltr'>lingulis</span> <span class='ocrx_word' id='word_1_93' title='bbox 1518 801 1746 847; x_wconf 86' lang='lat' dir='ltr'>interdum</span> <span class='ocrx_word' id='word_1_94' title='bbox 1762 801 1909 848; x_wconf 84' lang='lat' dir='ltr'>subdi·</span> <span class='ocrx_word' id='word_1_95' title='bbox 1930 805 2019 876; x_wconf 50' lang='lat'>”23¹</span> <span class='ocrx_word' id='word_1_96' title='bbox 2037 800 2117 832; x_wconf 46' lang='grc' dir='ltr'>γε·</span> 
     </span>
     <span class='ocr_line' id='line_1_10' title="bbox 256 855 2014 927; baseline 0.004 -22"><span class='ocrx_word' id='word_1_97' title='bbox 256 874 411 907; x_wconf 86' lang='lat' dir='ltr'>torum</span> <span class='ocrx_word' id='word_1_98' title='bbox 445 864 515 922; x_wconf 83' lang='lat' dir='ltr'>jus</span> <span class='ocrx_word' id='word_1_99' title='bbox 548 864 683 912; x_wconf 80' lang='lat' dir='ltr'>datur</span> <span class='ocrx_word' id='word_1_100' title='bbox 697 864 936 912; x_wconf 89' lang='lat' dir='ltr'>occidendi</span> <span class='ocrx_word' id='word_1_101' title='bbox 967 867 1105 912; x_wconf 87' lang='lat' dir='ltr'>etiam</span> <span class='ocrx_word' id='word_1_102' title='bbox 1124 879 1251 911; x_wconf 79' lang='lat' dir='ltr'>extra</span> <span class='ocrx_word' id='word_1_103' title='bbox 1275 863 1337 912; x_wconf 91' lang='lat' dir='ltr'>sui</span> <span class='ocrx_word' id='word_1_104' title='bbox 1365 865 1551 912; x_wconf 81' lang='lat' dir='ltr'>tutelam</span> <span class='ocrx_word' id='word_1_105' title='bbox 1570 862 1644 909; x_wconf 89' lang='lat' dir='ltr'>ubi</span> <span class='ocrx_word' id='word_1_106' title='bbox 1660 863 1708 909; x_wconf 89' lang='lat' dir='ltr'>id</span> <span class='ocrx_word' id='word_1_107' title='bbox 1727 863 1907 927; x_wconf 86' lang='lat' dir='ltr'>publice</span> <span class='ocrx_word' id='word_1_108' title='bbox 1929 855 1978 876; x_wconf 60' lang='grc' dir='ltr'><em>Μ</em></span> <span class='ocrx_word' id='word_1_109' title='bbox 2005 867 2014 876; x_wconf 83' lang='grc'><strong><em>’</em></strong></span> 
     </span>
     <span class='ocr_line' id='line_1_11' title="bbox 255 924 454 986; baseline 0 -18"><span class='ocrx_word' id='word_1_110' title='bbox 255 924 454 986; x_wconf 80' lang='lat' dir='ltr'>expedit.</span> 
     </span>
    </p>

    <p class='ocr_par' dir='ltr' id='par_1_7' title="bbox 249 985 2138 1987">
     <span class='ocr_line' id='line_1_12' title="bbox 325 985 2137 1050; baseline 0.001 -18"><span class='ocrx_word' id='word_1_111' title='bbox 325 987 345 1032; x_wconf 85' lang='lat'><em>1</em></span> <span class='ocrx_word' id='word_1_112' title='bbox 364 985 399 1032; x_wconf 93' lang='grc' dir='ltr'>Ι.</span> <span class='ocrx_word' id='word_1_113' title='bbox 434 985 635 1049; x_wconf 84' lang='lat' dir='ltr'>Speciale</span> <span class='ocrx_word' id='word_1_114' title='bbox 648 986 912 1034; x_wconf 87' lang='lat' dir='ltr'>mandatum</span> <span class='ocrx_word' id='word_1_115' title='bbox 931 986 1097 1034; x_wconf 86' lang='lat' dir='ltr'>habere</span> <span class='ocrx_word' id='word_1_116' title='bbox 1115 987 1289 1050; x_wconf 85' lang='lat' dir='ltr'>possunt</span> <span class='ocrx_word' id='word_1_117' title='bbox 1305 1004 1394 1036; x_wconf 92' lang='lat' dir='ltr'>non</span> <span class='ocrx_word' id='word_1_118' title='bbox 1412 990 1457 1036; x_wconf 90' lang='lat' dir='ltr'>hi</span> <span class='ocrx_word' id='word_1_119' title='bbox 1474 1003 1647 1036; x_wconf 90' lang='lat' dir='ltr'>tantum</span> <span class='ocrx_word' id='word_1_120' title='bbox 1659 989 1732 1050; x_wconf 88' lang='lat' dir='ltr'>qui</span> <span class='ocrx_word' id='word_1_121' title='bbox 1746 988 1905 1050; x_wconf 87' lang='lat' dir='ltr'>stipen-</span> <span class='ocrx_word' id='word_1_122' title='bbox 1923 999 2083 1045; x_wconf 62' lang='lat' dir='ltr'>cquando</span> <span class='ocrx_word' id='word_1_123' title='bbox 2094 1000 2137 1033; x_wconf 70' lang='lat'>11·-</span> 
     </span>
     <span class='ocr_line' id='line_1_13' title="bbox 255 1047 2138 1113; baseline 0.003 -20"><span class='ocrx_word' id='word_1_124' title='bbox 255 1047 333 1094; x_wconf 82' lang='lat' dir='ltr'>dia</span> <span class='ocrx_word' id='word_1_125' title='bbox 347 1051 598 1112; x_wconf 85' lang='lat' dir='ltr'>percipiunt</span> <span class='ocrx_word' id='word_1_126' title='bbox 618 1086 628 1099; x_wconf 90' lang='lat'>,</span> <span class='ocrx_word' id='word_1_127' title='bbox 647 1049 720 1096; x_wconf 85' lang='lat' dir='ltr'>sed</span> <span class='ocrx_word' id='word_1_128' title='bbox 737 1051 786 1096; x_wconf 87' lang='lat'>&amp;</span> <span class='ocrx_word' id='word_1_129' title='bbox 800 1051 875 1112; x_wconf 86' lang='lat' dir='ltr'>qui</span> <span class='ocrx_word' id='word_1_130' title='bbox 892 1049 970 1097; x_wconf 89' lang='lat' dir='ltr'>suo</span> <span class='ocrx_word' id='word_1_131' title='bbox 983 1048 1130 1097; x_wconf 83' lang='lat' dir='ltr'>sumtu</span> <span class='ocrx_word' id='word_1_132' title='bbox 1143 1051 1354 1109; x_wconf 86' lang='lat' dir='ltr'>militant,</span> <span class='ocrx_word' id='word_1_133' title='bbox 1391 1054 1438 1098; x_wconf 71' lang='grc' dir='ltr'>δε</span> <span class='ocrx_word' id='word_1_134' title='bbox 1451 1053 1525 1113; x_wconf 84' lang='lat' dir='ltr'>qui</span> <span class='ocrx_word' id='word_1_135' title='bbox 1539 1089 1550 1108; x_wconf 88' lang='lat'>‚</span> <span class='ocrx_word' id='word_1_136' title='bbox 1569 1051 1693 1112; x_wconf 83' lang='lat' dir='ltr'>quod</span> <span class='ocrx_word' id='word_1_137' title='bbox 1713 1051 1810 1113; x_wconf 84' lang='lat' dir='ltr'>plus</span> <span class='ocrx_word' id='word_1_138' title='bbox 1827 1052 1901 1108; x_wconf 83' lang='lat' dir='ltr'>est,</span> <span class='ocrx_word' id='word_1_139' title='bbox 1922 1056 1990 1079; x_wconf 59' lang='lat'>“²³⁸²</span> <span class='ocrx_word' id='word_1_140' title='bbox 2005 1050 2138 1083; x_wconf 63' lang='lat'>&#39;⁴²⁷¹&#39;⁶¹⁴³‘·</span> 
     </span>
     <span class='ocr_line' id='line_1_14' title="bbox 254 1093 2134 1175; baseline 0.002 -18"><span class='ocrx_word' id='word_1_141' title='bbox 254 1110 335 1157; x_wconf 90' lang='lat' dir='ltr'>suo</span> <span class='ocrx_word' id='word_1_142' title='bbox 355 1110 504 1159; x_wconf 89' lang='lat' dir='ltr'>sumtu</span> <span class='ocrx_word' id='word_1_143' title='bbox 525 1128 695 1175; x_wconf 84' lang='lat' dir='ltr'>partem</span> <span class='ocrx_word' id='word_1_144' title='bbox 713 1112 820 1160; x_wconf 86' lang='lat' dir='ltr'>belli</span> <span class='ocrx_word' id='word_1_145' title='bbox 838 1112 1144 1159; x_wconf 86' lang='lat' dir='ltr'>administrant</span> <span class='ocrx_word' id='word_1_146' title='bbox 1164 1150 1175 1168; x_wconf 91' lang='lat'>‚</span> <span class='ocrx_word' id='word_1_147' title='bbox 1209 1129 1259 1159; x_wconf 90' lang='lat' dir='ltr'>ut</span> <span class='ocrx_word' id='word_1_148' title='bbox 1320 1117 1363 1161; x_wconf 87' lang='lat' dir='ltr'>ui</span> <span class='ocrx_word' id='word_1_149' title='bbox 1379 1129 1511 1161; x_wconf 86' lang='lat' dir='ltr'>naves</span> <span class='ocrx_word' id='word_1_150' title='bbox 1543 1113 1754 1159; x_wconf 84' lang='lat' dir='ltr'>instruunt</span> <span class='ocrx_word' id='word_1_151' title='bbox 1770 1129 1822 1160; x_wconf 88' lang='lat' dir='ltr'>ac</span> <span class='ocrx_word' id='word_1_152' title='bbox 1839 1114 1907 1161; x_wconf 78' lang='lat' dir='ltr'>su·</span> <span class='ocrx_word' id='word_1_153' title='bbox 1929 1105 1991 1141; x_wconf 61' lang='lat'>‘¹²³⁶&#39;</span> <span class='ocrx_word' id='word_1_154' title='bbox 2003 1093 2102 1128; x_wconf 48' lang='lat'>4¹⁸&amp;</span> <span class='ocrx_word' id='word_1_155' title='bbox 2116 1103 2134 1130; x_wconf 71' lang='lat'>²</span> 
     </span>
     <span class='ocr_line' id='line_1_15' title="bbox 253 1171 1903 1239; baseline 0.003 -21"><span class='ocrx_word' id='word_1_156' title='bbox 253 1171 443 1221; x_wconf 84' lang='lat' dir='ltr'>stentant</span> <span class='ocrx_word' id='word_1_157' title='bbox 460 1173 545 1221; x_wconf 88' lang='lat' dir='ltr'>suis</span> <span class='ocrx_word' id='word_1_158' title='bbox 560 1175 798 1239; x_wconf 88' lang='lat' dir='ltr'>impendiis</span> <span class='ocrx_word' id='word_1_159' title='bbox 813 1211 824 1225; x_wconf 84' lang='lat'><em>,</em></span> <span class='ocrx_word' id='word_1_160' title='bbox 846 1174 1006 1238; x_wconf 84' lang='lat' dir='ltr'>quibus</span> <span class='ocrx_word' id='word_1_161' title='bbox 1027 1175 1123 1221; x_wconf 86' lang='lat' dir='ltr'>vice</span> <span class='ocrx_word' id='word_1_162' title='bbox 1140 1191 1291 1221; x_wconf 88' lang='lat' dir='ltr'>merce</span> <span class='ocrx_word' id='word_1_163' title='bbox 1325 1177 1360 1223; x_wconf 90' lang='lat' dir='ltr'>is</span> <span class='ocrx_word' id='word_1_164' title='bbox 1375 1175 1566 1223; x_wconf 87' lang='lat' dir='ltr'>concedi</span> <span class='ocrx_word' id='word_1_165' title='bbox 1586 1175 1696 1222; x_wconf 80' lang='lat' dir='ltr'>solet</span> <span class='ocrx_word' id='word_1_166' title='bbox 1714 1189 1763 1222; x_wconf 90' lang='lat' dir='ltr'>ut</span> <span class='ocrx_word' id='word_1_167' title='bbox 1776 1190 1903 1237; x_wconf 87' lang='lat' dir='ltr'>capta</span> 
     </span>
     <span class='ocr_line' id='line_1_16' title="bbox 252 1234 2135 1301; baseline 0.002 -19"><span class='ocrx_word' id='word_1_168' title='bbox 252 1235 328 1282; x_wconf 82' lang='lat' dir='ltr'>sua</span> <span class='ocrx_word' id='word_1_169' title='bbox 346 1234 530 1292; x_wconf 87' lang='lat' dir='ltr'>faciant,</span> <span class='ocrx_word' id='word_1_170' title='bbox 552 1237 661 1284; x_wconf 77' lang='lat' dir='ltr'>sicut</span> <span class='ocrx_word' id='word_1_171' title='bbox 677 1236 778 1284; x_wconf 84' lang='lat' dir='ltr'>alibi</span> <span class='ocrx_word' id='word_1_172' title='bbox 797 1237 1009 1284; x_wconf 81' lang='lat' dir='ltr'>diximus.</span> <span class='ocrx_word' id='word_1_173' title='bbox 1042 1236 1096 1284; x_wconf 86' lang='lat' dir='ltr'>Id</span> <span class='ocrx_word' id='word_1_174' title='bbox 1109 1252 1221 1283; x_wconf 89' lang='lat' dir='ltr'>vero</span> <span class='ocrx_word' id='word_1_175' title='bbox 1238 1251 1449 1301; x_wconf 80' lang='lat' dir='ltr'>quatenus</span> <span class='ocrx_word' id='word_1_176' title='bbox 1463 1237 1680 1299; x_wconf 83' lang='lat' dir='ltr'>procedat</span> <span class='ocrx_word' id='word_1_177' title='bbox 1698 1237 1820 1285; x_wconf 74' lang='lat' dir='ltr'>illaesa</span> <span class='ocrx_word' id='word_1_178' title='bbox 1838 1241 1902 1299; x_wconf 85' lang='lat' dir='ltr'>ju·</span> <span class='ocrx_word' id='word_1_179' title='bbox 1921 1242 1981 1278; x_wconf 84' lang='lat' dir='ltr'>L.1</span> <span class='ocrx_word' id='word_1_180' title='bbox 1993 1249 2047 1286; x_wconf 65' lang='grc' dir='ltr'>Π»</span> <span class='ocrx_word' id='word_1_181' title='bbox 2067 1242 2135 1279; x_wconf 58' lang='lat'>06·</span> 
     </span>
     <span class='ocr_line' id='line_1_17' title="bbox 254 1297 1903 1363; baseline 0.001 -19"><span class='ocrx_word' id='word_1_182' title='bbox 254 1297 372 1354; x_wconf 80' lang='lat' dir='ltr'>stitia</span> <span class='ocrx_word' id='word_1_183' title='bbox 388 1300 567 1346; x_wconf 85' lang='lat' dir='ltr'>interna</span> <span class='ocrx_word' id='word_1_184' title='bbox 587 1340 597 1357; x_wconf 88' lang='lat'>‚</span> <span class='ocrx_word' id='word_1_185' title='bbox 618 1302 667 1346; x_wconf 72' lang='grc' dir='ltr'>δε</span> <span class='ocrx_word' id='word_1_186' title='bbox 684 1301 871 1347; x_wconf 87' lang='lat' dir='ltr'>caritate</span> <span class='ocrx_word' id='word_1_187' title='bbox 887 1338 900 1356; x_wconf 92' lang='lat'>,</span> <span class='ocrx_word' id='word_1_188' title='bbox 929 1316 1021 1346; x_wconf 89' lang='lat' dir='ltr'>non</span> <span class='ocrx_word' id='word_1_189' title='bbox 1036 1300 1271 1346; x_wconf 87' lang='lat' dir='ltr'>immerito</span> <span class='ocrx_word' id='word_1_190' title='bbox 1285 1301 1509 1363; x_wconf 69' lang='lat' dir='ltr'>quaeritur.</span> <span class='ocrx_word' id='word_1_191' title='bbox 1544 1299 1709 1345; x_wconf 86' lang='lat' dir='ltr'>Iustitia</span> <span class='ocrx_word' id='word_1_192' title='bbox 1730 1314 1803 1345; x_wconf 87' lang='lat' dir='ltr'>aut</span> <span class='ocrx_word' id='word_1_193' title='bbox 1816 1300 1903 1346; x_wconf 84' lang='lat' dir='ltr'>ho-</span> 
     </span>
     <span class='ocr_line' id='line_1_18' title="bbox 253 1360 1902 1424; baseline 0.001 -17"><span class='ocrx_word' id='word_1_194' title='bbox 253 1360 364 1407; x_wconf 86' lang='lat' dir='ltr'>stem</span> <span class='ocrx_word' id='word_1_195' title='bbox 380 1360 572 1423; x_wconf 75' lang='lat' dir='ltr'>respicit,</span> <span class='ocrx_word' id='word_1_196' title='bbox 595 1361 821 1424; x_wconf 76' lang='lat' dir='ltr'>autipsam</span> <span class='ocrx_word' id='word_1_197' title='bbox 838 1362 1071 1409; x_wconf 83' lang='lat' dir='ltr'>civitatem</span> <span class='ocrx_word' id='word_1_198' title='bbox 1090 1377 1192 1408; x_wconf 87' lang='lat' dir='ltr'>cum</span> <span class='ocrx_word' id='word_1_199' title='bbox 1207 1379 1294 1424; x_wconf 87' lang='lat' dir='ltr'>qua</span> <span class='ocrx_word' id='word_1_200' title='bbox 1307 1363 1602 1408; x_wconf 83' lang='lat' dir='ltr'>contrahitur.</span> <span class='ocrx_word' id='word_1_201' title='bbox 1639 1361 1771 1407; x_wconf 85' lang='lat' dir='ltr'>Hosti</span> <span class='ocrx_word' id='word_1_202' title='bbox 1788 1361 1902 1408; x_wconf 84' lang='lat' dir='ltr'>dixi-</span> 
     </span>
     <span class='ocr_line' id='line_1_19' title="bbox 251 1424 1902 1489; baseline 0 -20"><span class='ocrx_word' id='word_1_203' title='bbox 251 1438 353 1469; x_wconf 85' lang='lat' dir='ltr'>mus</span> <span class='ocrx_word' id='word_1_204' title='bbox 367 1424 478 1487; x_wconf 82' lang='lat' dir='ltr'>eripi</span> <span class='ocrx_word' id='word_1_205' title='bbox 504 1424 625 1485; x_wconf 79' lang='lat' dir='ltr'>poffe</span> <span class='ocrx_word' id='word_1_206' title='bbox 641 1424 954 1489; x_wconf 83' lang='lat' dir='ltr'>poffeffionem</span> <span class='ocrx_word' id='word_1_207' title='bbox 974 1439 1123 1470; x_wconf 85' lang='lat' dir='ltr'>rerum</span> <span class='ocrx_word' id='word_1_208' title='bbox 1142 1426 1343 1471; x_wconf 89' lang='lat' dir='ltr'>omnium</span> <span class='ocrx_word' id='word_1_209' title='bbox 1374 1441 1467 1487; x_wconf 84' lang='lat' dir='ltr'>quae</span> <span class='ocrx_word' id='word_1_210' title='bbox 1484 1424 1648 1470; x_wconf 82' lang='lat' dir='ltr'>bellum</span> <span class='ocrx_word' id='word_1_211' title='bbox 1669 1424 1782 1469; x_wconf 82' lang='lat' dir='ltr'>alere</span> <span class='ocrx_word' id='word_1_212' title='bbox 1799 1424 1902 1486; x_wconf 87' lang='lat' dir='ltr'>pos-</span> 
     </span>
     <span class='ocr_line' id='line_1_20' title="bbox 256 1483 1902 1549; baseline 0.001 -18"><span class='ocrx_word' id='word_1_213' title='bbox 256 1485 369 1540; x_wconf 80' lang='lat' dir='ltr'>sunt,</span> <span class='ocrx_word' id='word_1_214' title='bbox 388 1483 634 1534; x_wconf 78' lang='lat' dir='ltr'>securitatis</span> <span class='ocrx_word' id='word_1_215' title='bbox 651 1487 794 1544; x_wconf 78' lang='lat' dir='ltr'>causa,</span> <span class='ocrx_word' id='word_1_216' title='bbox 809 1486 885 1533; x_wconf 81' lang='lat' dir='ltr'>sed</span> <span class='ocrx_word' id='word_1_217' title='bbox 902 1487 993 1533; x_wconf 89' lang='lat' dir='ltr'>hoc</span> <span class='ocrx_word' id='word_1_218' title='bbox 1009 1485 1088 1532; x_wconf 89' lang='lat' dir='ltr'>sub</span> <span class='ocrx_word' id='word_1_219' title='bbox 1105 1501 1244 1533; x_wconf 86' lang='lat' dir='ltr'>onere</span> <span class='ocrx_word' id='word_1_220' title='bbox 1261 1485 1480 1533; x_wconf 88' lang='lat' dir='ltr'>reddendi</span> <span class='ocrx_word' id='word_1_221' title='bbox 1500 1503 1510 1533; x_wconf 91' lang='lat'>:</span> <span class='ocrx_word' id='word_1_222' title='bbox 1528 1485 1667 1549; x_wconf 88' lang='lat' dir='ltr'>ipsum</span> <span class='ocrx_word' id='word_1_223' title='bbox 1683 1501 1794 1532; x_wconf 86' lang='lat' dir='ltr'>vero</span> <span class='ocrx_word' id='word_1_224' title='bbox 1817 1485 1902 1532; x_wconf 88' lang='lat' dir='ltr'>do-</span> 
     </span>
     <span class='ocr_line' id='line_1_21' title="bbox 252 1547 1904 1614; baseline 0 -20"><span class='ocrx_word' id='word_1_225' title='bbox 252 1549 441 1594; x_wconf 80' lang='lat' dir='ltr'>minium</span> <span class='ocrx_word' id='word_1_226' title='bbox 475 1549 532 1595; x_wconf 86' lang='lat' dir='ltr'>ad</span> <span class='ocrx_word' id='word_1_227' title='bbox 549 1549 959 1614; x_wconf 81' lang='lat' dir='ltr'>compensationem</span> <span class='ocrx_word' id='word_1_228' title='bbox 976 1548 1113 1610; x_wconf 82' lang='lat' dir='ltr'>usque</span> <span class='ocrx_word' id='word_1_229' title='bbox 1129 1550 1221 1609; x_wconf 89' lang='lat' dir='ltr'>ejus</span> <span class='ocrx_word' id='word_1_230' title='bbox 1238 1547 1359 1611; x_wconf 90' lang='lat' dir='ltr'>quod</span> <span class='ocrx_word' id='word_1_231' title='bbox 1386 1562 1461 1594; x_wconf 84' lang='lat' dir='ltr'>aut</span> <span class='ocrx_word' id='word_1_232' title='bbox 1476 1547 1531 1595; x_wconf 81' lang='lat' dir='ltr'>ab</span> <span class='ocrx_word' id='word_1_233' title='bbox 1545 1548 1673 1594; x_wconf 88' lang='lat' dir='ltr'>initio</span> <span class='ocrx_word' id='word_1_234' title='bbox 1700 1548 1806 1594; x_wconf 86' lang='lat' dir='ltr'>belli</span> <span class='ocrx_word' id='word_1_235' title='bbox 1824 1563 1904 1594; x_wconf 84' lang='lat' dir='ltr'>aut</span> 
     </span>
     <span class='ocr_line' id='line_1_22' title="bbox 252 1609 1906 1675; baseline -0.001 -19"><span class='ocrx_word' id='word_1_236' title='bbox 252 1626 312 1656; x_wconf 80' lang='lat' dir='ltr'>ex</span> <span class='ocrx_word' id='word_1_237' title='bbox 324 1609 425 1673; x_wconf 89' lang='lat' dir='ltr'>post</span> <span class='ocrx_word' id='word_1_238' title='bbox 444 1609 566 1667; x_wconf 59' lang='lat' dir='ltr'>faiho</span> <span class='ocrx_word' id='word_1_239' title='bbox 583 1615 758 1660; x_wconf 78' lang='lat' dir='ltr'>cwitati</span> <span class='ocrx_word' id='word_1_240' title='bbox 778 1614 789 1670; x_wconf 78' lang='lat' dir='ltr'>j</span> <span class='ocrx_word' id='word_1_241' title='bbox 796 1612 936 1659; x_wconf 85' lang='lat' dir='ltr'>ustum</span> <span class='ocrx_word' id='word_1_242' title='bbox 949 1611 1119 1658; x_wconf 88' lang='lat' dir='ltr'>bellum</span> <span class='ocrx_word' id='word_1_243' title='bbox 1138 1613 1313 1675; x_wconf 83' lang='lat' dir='ltr'>gerenti</span> <span class='ocrx_word' id='word_1_244' title='bbox 1325 1609 1541 1668; x_wconf 80' lang='lat' dir='ltr'>debetur3</span> <span class='ocrx_word' id='word_1_245' title='bbox 1560 1609 1648 1655; x_wconf 83' lang='lat' dir='ltr'>five</span> <span class='ocrx_word' id='word_1_246' title='bbox 1662 1625 1731 1657; x_wconf 88' lang='lat' dir='ltr'>res</span> <span class='ocrx_word' id='word_1_247' title='bbox 1747 1610 1828 1656; x_wconf 77' lang='lat' dir='ltr'>sint</span> <span class='ocrx_word' id='word_1_248' title='bbox 1841 1612 1906 1655; x_wconf 90' lang='lat' dir='ltr'>ci-</span> 
     </span>
     <span class='ocr_line' id='line_1_23' title="bbox 253 1670 1903 1738; baseline -0.001 -18"><span class='ocrx_word' id='word_1_249' title='bbox 253 1673 410 1721; x_wconf 86' lang='lat' dir='ltr'>vitatis</span> <span class='ocrx_word' id='word_1_250' title='bbox 427 1674 599 1721; x_wconf 84' lang='lat' dir='ltr'>hostilis</span> <span class='ocrx_word' id='word_1_251' title='bbox 617 1714 628 1730; x_wconf 89' lang='lat'>,</span> <span class='ocrx_word' id='word_1_252' title='bbox 657 1675 747 1723; x_wconf 76' lang='lat' dir='ltr'>sive</span> <span class='ocrx_word' id='word_1_253' title='bbox 764 1674 1038 1738; x_wconf 83' lang='lat' dir='ltr'>fingulorum</span> <span class='ocrx_word' id='word_1_254' title='bbox 1060 1709 1071 1724; x_wconf 79' lang='grc'><strong><em>,</em></strong></span> <span class='ocrx_word' id='word_1_255' title='bbox 1103 1675 1241 1720; x_wconf 87' lang='lat' dir='ltr'>etiam</span> <span class='ocrx_word' id='word_1_256' title='bbox 1264 1688 1343 1733; x_wconf 84' lang='lat' dir='ltr'>per</span> <span class='ocrx_word' id='word_1_257' title='bbox 1361 1671 1402 1719; x_wconf 91' lang='lat' dir='ltr'>se</span> <span class='ocrx_word' id='word_1_258' title='bbox 1424 1673 1726 1719; x_wconf 87' lang='lat' dir='ltr'>innocentium</span> <span class='ocrx_word' id='word_1_259' title='bbox 1748 1689 1757 1719; x_wconf 88' lang='grc'>;</span> <span class='ocrx_word' id='word_1_260' title='bbox 1785 1670 1903 1718; x_wconf 84' lang='lat' dir='ltr'>bona</span> 
     </span>
     <span class='ocr_line' id='line_1_24' title="bbox 249 1733 1904 1800; baseline -0.003 -17"><span class='ocrx_word' id='word_1_261' title='bbox 249 1750 364 1784; x_wconf 86' lang='lat' dir='ltr'>veto</span> <span class='ocrx_word' id='word_1_262' title='bbox 383 1737 640 1783; x_wconf 87' lang='lat' dir='ltr'>nocentium</span> <span class='ocrx_word' id='word_1_263' title='bbox 669 1739 806 1784; x_wconf 86' lang='lat' dir='ltr'>etiam</span> <span class='ocrx_word' id='word_1_264' title='bbox 832 1753 890 1783; x_wconf 78' lang='lat' dir='ltr'>ex</span> <span class='ocrx_word' id='word_1_265' title='bbox 916 1753 1055 1800; x_wconf 85' lang='lat' dir='ltr'>poenae</span> <span class='ocrx_word' id='word_1_266' title='bbox 1077 1735 1203 1783; x_wconf 83' lang='lat' dir='ltr'>causa</span> <span class='ocrx_word' id='word_1_267' title='bbox 1228 1735 1365 1782; x_wconf 85' lang='lat' dir='ltr'>adimi</span> <span class='ocrx_word' id='word_1_268' title='bbox 1384 1736 1613 1797; x_wconf 87' lang='lat' dir='ltr'>&amp;acquiri</span> <span class='ocrx_word' id='word_1_269' title='bbox 1633 1733 1904 1795; x_wconf 80' lang='lat' dir='ltr'>capientibus</span> 
     </span>
     <span class='ocr_line' id='line_1_25' title="bbox 250 1795 1905 1862; baseline -0.002 -18"><span class='ocrx_word' id='word_1_270' title='bbox 250 1797 388 1862; x_wconf 87' lang='lat' dir='ltr'>posse.</span> <span class='ocrx_word' id='word_1_271' title='bbox 422 1797 548 1844; x_wconf 77' lang='lat' dir='ltr'>fient</span> <span class='ocrx_word' id='word_1_272' title='bbox 565 1814 678 1862; x_wconf 69' lang='lat' dir='ltr'>ergo</span> <span class='ocrx_word' id='word_1_273' title='bbox 697 1816 769 1846; x_wconf 85' lang='lat' dir='ltr'>res</span> <span class='ocrx_word' id='word_1_274' title='bbox 786 1798 965 1846; x_wconf 82' lang='lat' dir='ltr'>hostiles</span> <span class='ocrx_word' id='word_1_275' title='bbox 982 1814 1146 1844; x_wconf 85' lang='lat' dir='ltr'>eorum</span> <span class='ocrx_word' id='word_1_276' title='bbox 1174 1799 1249 1861; x_wconf 90' lang='lat' dir='ltr'>qui</span> <span class='ocrx_word' id='word_1_277' title='bbox 1265 1797 1370 1844; x_wconf 89' lang='lat' dir='ltr'>belli</span> <span class='ocrx_word' id='word_1_278' title='bbox 1386 1812 1556 1860; x_wconf 83' lang='lat' dir='ltr'>partem</span> <span class='ocrx_word' id='word_1_279' title='bbox 1577 1796 1654 1842; x_wconf 90' lang='lat' dir='ltr'>suo</span> <span class='ocrx_word' id='word_1_280' title='bbox 1668 1796 1811 1841; x_wconf 90' lang='lat' dir='ltr'>sumtu</span> <span class='ocrx_word' id='word_1_281' title='bbox 1825 1795 1905 1840; x_wconf 80' lang='lat' dir='ltr'>ad-</span> 
     </span>
     <span class='ocr_line' id='line_1_26' title="bbox 250 1856 1904 1924; baseline -0.002 -17"><span class='ocrx_word' id='word_1_282' title='bbox 250 1859 516 1916; x_wconf 87' lang='lat' dir='ltr'>ministrant,</span> <span class='ocrx_word' id='word_1_283' title='bbox 535 1860 661 1924; x_wconf 90' lang='lat' dir='ltr'>quod</span> <span class='ocrx_word' id='word_1_284' title='bbox 677 1861 825 1908; x_wconf 86' lang='lat' dir='ltr'>hostes</span> <span class='ocrx_word' id='word_1_285' title='bbox 843 1863 1001 1909; x_wconf 87' lang='lat' dir='ltr'>attinet</span> <span class='ocrx_word' id='word_1_286' title='bbox 1019 1859 1238 1910; x_wconf 56' lang='lat' dir='ltr'>hadienus,</span> <span class='ocrx_word' id='word_1_287' title='bbox 1259 1874 1310 1906; x_wconf 92' lang='lat' dir='ltr'>ut</span> <span class='ocrx_word' id='word_1_288' title='bbox 1327 1861 1362 1906; x_wconf 89' lang='lat' dir='ltr'>is</span> <span class='ocrx_word' id='word_1_289' title='bbox 1380 1876 1515 1924; x_wconf 85' lang='lat' dir='ltr'>quem</span> <span class='ocrx_word' id='word_1_290' title='bbox 1534 1857 1723 1921; x_wconf 81' lang='lat' dir='ltr'>expreffi</span> <span class='ocrx_word' id='word_1_291' title='bbox 1741 1856 1904 1904; x_wconf 83' lang='lat' dir='ltr'>modus</span> 
     </span>
     <span class='ocr_line' id='line_1_27' title="bbox 250 1921 1552 1987; baseline -0.002 -18"><span class='ocrx_word' id='word_1_292' title='bbox 250 1939 344 1971; x_wconf 89' lang='lat' dir='ltr'>non</span> <span class='ocrx_word' id='word_1_293' title='bbox 363 1923 624 1980; x_wconf 80' lang='lat' dir='ltr'>excedatur,</span> <span class='ocrx_word' id='word_1_294' title='bbox 644 1923 771 1987; x_wconf 87' lang='lat' dir='ltr'>quod</span> <span class='ocrx_word' id='word_1_295' title='bbox 787 1940 913 1986; x_wconf 83' lang='lat' dir='ltr'>aequo</span> <span class='ocrx_word' id='word_1_296' title='bbox 931 1922 1147 1969; x_wconf 80' lang='lat' dir='ltr'>arbitratu</span> <span class='ocrx_word' id='word_1_297' title='bbox 1161 1921 1461 1969; x_wconf 74' lang='lat' dir='ltr'>aestimandum</span> <span class='ocrx_word' id='word_1_298' title='bbox 1479 1921 1552 1967; x_wconf 87' lang='lat' dir='ltr'>est.</span> 
     </span>
    </p>

    <p class='ocr_par' dir='ltr' id='par_1_8' title="bbox 250 1979 1906 2304">
     <span class='ocr_line' id='line_1_28' title="bbox 315 1979 1906 2043; baseline -0.004 -11"><span class='ocrx_word' id='word_1_299' title='bbox 315 1985 423 2032; x_wconf 87' lang='grc' dir='ltr'><strong>ΙΙΙ.</strong></span> <span class='ocrx_word' id='word_1_300' title='bbox 458 1985 683 2034; x_wconf 85' lang='lat' dir='ltr'>Adversus</span> <span class='ocrx_word' id='word_1_301' title='bbox 710 1986 830 2033; x_wconf 86' lang='lat' dir='ltr'>suam</span> <span class='ocrx_word' id='word_1_302' title='bbox 857 1999 1010 2033; x_wconf 88' lang='lat' dir='ltr'>autem</span> <span class='ocrx_word' id='word_1_303' title='bbox 1037 1986 1267 2032; x_wconf 85' lang='lat' dir='ltr'>civitatem</span> <span class='ocrx_word' id='word_1_304' title='bbox 1295 1983 1454 2043; x_wconf 86' lang='lat' dir='ltr'>justum</span> <span class='ocrx_word' id='word_1_305' title='bbox 1482 1981 1640 2042; x_wconf 85' lang='lat' dir='ltr'>justitia</span> <span class='ocrx_word' id='word_1_306' title='bbox 1667 1982 1839 2027; x_wconf 88' lang='lat' dir='ltr'>interna</span> <span class='ocrx_word' id='word_1_307' title='bbox 1858 1979 1906 2026; x_wconf 85' lang='lat' dir='ltr'>id</span> 
     </span>
     <span class='ocr_line' id='line_1_29' title="bbox 251 2042 1904 2112; baseline -0.002 -17"><span class='ocrx_word' id='word_1_308' title='bbox 251 2047 395 2112; x_wconf 89' lang='lat' dir='ltr'>ipsum</span> <span class='ocrx_word' id='word_1_309' title='bbox 414 2050 517 2105; x_wconf 90' lang='lat' dir='ltr'>erit,</span> <span class='ocrx_word' id='word_1_310' title='bbox 535 2050 564 2096; x_wconf 81' lang='lat' dir='ltr'>si</span> <span class='ocrx_word' id='word_1_311' title='bbox 580 2048 831 2097; x_wconf 63' lang='lat' dir='ltr'>contrastui</span> <span class='ocrx_word' id='word_1_312' title='bbox 847 2066 879 2097; x_wconf 67' lang='grc' dir='ltr'><em>κ</em></span> <span class='ocrx_word' id='word_1_313' title='bbox 912 2048 1069 2104; x_wconf 78' lang='lat' dir='ltr'>ualitas</span> <span class='ocrx_word' id='word_1_314' title='bbox 1085 2047 1183 2094; x_wconf 83' lang='lat' dir='ltr'>infit</span> <span class='ocrx_word' id='word_1_315' title='bbox 1202 2086 1213 2103; x_wconf 88' lang='lat'>‚</span> <span class='ocrx_word' id='word_1_316' title='bbox 1233 2047 1323 2093; x_wconf 90' lang='lat' dir='ltr'>hoc</span> <span class='ocrx_word' id='word_1_317' title='bbox 1340 2044 1400 2091; x_wconf 89' lang='lat' dir='ltr'>est</span> <span class='ocrx_word' id='word_1_318' title='bbox 1417 2045 1446 2091; x_wconf 88' lang='lat' dir='ltr'><strong>fi</strong></span> <span class='ocrx_word' id='word_1_319' title='bbox 1461 2044 1626 2091; x_wconf 87' lang='lat' dir='ltr'>sumtus</span> <span class='ocrx_word' id='word_1_320' title='bbox 1644 2046 1691 2089; x_wconf 88' lang='lat'>&amp;</span> <span class='ocrx_word' id='word_1_321' title='bbox 1710 2042 1904 2106; x_wconf 82' lang='lat' dir='ltr'>pericula</span> 
     </span>
     <span class='ocr_line' id='line_1_30' title="bbox 250 2104 1899 2175; baseline -0.005 -18"><span class='ocrx_word' id='word_1_322' title='bbox 250 2112 364 2158; x_wconf 83' lang='lat' dir='ltr'>tanti</span> <span class='ocrx_word' id='word_1_323' title='bbox 380 2110 478 2157; x_wconf 88' lang='lat' dir='ltr'>sunt</span> <span class='ocrx_word' id='word_1_324' title='bbox 496 2150 506 2167; x_wconf 55' lang='lat'>7</span> <span class='ocrx_word' id='word_1_325' title='bbox 537 2113 687 2174; x_wconf 86' lang='lat' dir='ltr'>quanti</span> <span class='ocrx_word' id='word_1_326' title='bbox 702 2111 855 2175; x_wconf 75' lang='lat' dir='ltr'>praedae</span> <span class='ocrx_word' id='word_1_327' title='bbox 871 2129 895 2158; x_wconf 85' lang='lat' dir='ltr'>a</span> <span class='ocrx_word' id='word_1_328' title='bbox 915 2125 983 2156; x_wconf 83' lang='lat' dir='ltr'>ea.</span> <span class='ocrx_word' id='word_1_329' title='bbox 1018 2125 1120 2156; x_wconf 86' lang='lat' dir='ltr'>nam</span> <span class='ocrx_word' id='word_1_330' title='bbox 1137 2110 1165 2157; x_wconf 83' lang='lat' dir='ltr'>si</span> <span class='ocrx_word' id='word_1_331' title='bbox 1193 2110 1285 2156; x_wconf 81' lang='lat' dir='ltr'>haec</span> <span class='ocrx_word' id='word_1_332' title='bbox 1302 2108 1396 2171; x_wconf 85' lang='lat' dir='ltr'>spes</span> <span class='ocrx_word' id='word_1_333' title='bbox 1412 2108 1558 2153; x_wconf 89' lang='lat' dir='ltr'>multo</span> <span class='ocrx_word' id='word_1_334' title='bbox 1577 2105 1712 2167; x_wconf 83' lang='lat' dir='ltr'>pluris</span> <span class='ocrx_word' id='word_1_335' title='bbox 1742 2104 1899 2160; x_wconf 82' lang='lat' dir='ltr'>valeat,</span> 
     </span>
     <span class='ocr_line' id='line_1_31' title="bbox 251 2168 1900 2236; baseline -0.005 -17"><span class='ocrx_word' id='word_1_336' title='bbox 251 2172 542 2220; x_wconf 81' lang='lat' dir='ltr'>reddendum</span> <span class='ocrx_word' id='word_1_337' title='bbox 572 2176 661 2220; x_wconf 88' lang='lat' dir='ltr'>erit</span> <span class='ocrx_word' id='word_1_338' title='bbox 688 2174 861 2221; x_wconf 84' lang='lat' dir='ltr'>civitati</span> <span class='ocrx_word' id='word_1_339' title='bbox 879 2171 1004 2236; x_wconf 85' lang='lat' dir='ltr'>quod</span> <span class='ocrx_word' id='word_1_340' title='bbox 1023 2171 1238 2236; x_wconf 83' lang='lat' dir='ltr'>supererit</span> <span class='ocrx_word' id='word_1_341' title='bbox 1252 2209 1264 2227; x_wconf 92' lang='lat'>‚</span> <span class='ocrx_word' id='word_1_342' title='bbox 1297 2169 1484 2233; x_wconf 85' lang='lat' dir='ltr'>perinde</span> <span class='ocrx_word' id='word_1_343' title='bbox 1501 2184 1550 2215; x_wconf 82' lang='lat' dir='ltr'>ac</span> <span class='ocrx_word' id='word_1_344' title='bbox 1569 2169 1695 2229; x_wconf 79' lang='lat' dir='ltr'>siquis</span> <span class='ocrx_word' id='word_1_345' title='bbox 1711 2168 1900 2212; x_wconf 87' lang='lat' dir='ltr'>nimium</span> 
     </span>
     <span class='ocr_line' id='line_1_32' title="bbox 251 2230 1900 2304; baseline -0.004 -23"><span class='ocrx_word' id='word_1_346' title='bbox 251 2235 337 2304; x_wconf 78' lang='lat' dir='ltr'>vili</span> <span class='ocrx_word' id='word_1_347' title='bbox 359 2238 511 2297; x_wconf 84' lang='lat' dir='ltr'>pretio</span> <span class='ocrx_word' id='word_1_348' title='bbox 527 2236 693 2295; x_wconf 51' lang='lat' dir='ltr'>jacium</span> <span class='ocrx_word' id='word_1_349' title='bbox 718 2238 943 2283; x_wconf 85' lang='lat' dir='ltr'>incertum</span> <span class='ocrx_word' id='word_1_350' title='bbox 960 2233 1142 2298; x_wconf 85' lang='lat' dir='ltr'>quidem</span> <span class='ocrx_word' id='word_1_351' title='bbox 1160 2271 1171 2291; x_wconf 88' lang='lat'>,</span> <span class='ocrx_word' id='word_1_352' title='bbox 1203 2233 1279 2282; x_wconf 89' lang='lat' dir='ltr'>sed</span> <span class='ocrx_word' id='word_1_353' title='bbox 1295 2247 1448 2279; x_wconf 82' lang='lat' dir='ltr'>tamen</span> <span class='ocrx_word' id='word_1_354' title='bbox 1464 2230 1639 2278; x_wconf 78' lang='lat' dir='ltr'>facilem</span> <span class='ocrx_word' id='word_1_355' title='bbox 1671 2231 1717 2275; x_wconf 87' lang='lat'>&amp;</span> <span class='ocrx_word' id='word_1_356' title='bbox 1731 2244 1900 2291; x_wconf 69' lang='lat' dir='ltr'>magnae</span> 
     </span>
    </p>
   </div>
   <div class='ocr_carea' id='block_1_3' title="bbox 250 2294 1895 2417">
    <p class='ocr_par' dir='ltr' id='par_1_9' title="bbox 250 2294 1895 2417">
     <span class='ocr_line' id='line_1_33' title="bbox 250 2294 545 2345; baseline -0.003 -1"><span class='ocrx_word' id='word_1_357' title='bbox 250 2294 279 2344; x_wconf 92' lang='lat' dir='ltr'>s</span> <span class='ocrx_word' id='word_1_358' title='bbox 299 2314 342 2342; x_wconf 80' lang='lat' dir='ltr'>ei</span> <span class='ocrx_word' id='word_1_359' title='bbox 357 2296 545 2345; x_wconf 80' lang='lat' dir='ltr'>emisset.</span> 
     </span>
     <span class='ocr_line' id='line_1_34' title="bbox 269 2314 1895 2417; baseline -0.007 -12"><span class='ocrx_word' id='word_1_360' title='bbox 269 2314 298 2361; x_wconf 74' lang='lat' dir='ltr'>p</span> <span class='ocrx_word' id='word_1_361' title='bbox 317 2357 413 2405; x_wconf 75' lang='lat' dir='ltr'>IV,</span> <span class='ocrx_word' id='word_1_362' title='bbox 448 2358 678 2406; x_wconf 74' lang='lat' dir='ltr'>Caeterum</span> <span class='ocrx_word' id='word_1_363' title='bbox 709 2359 845 2406; x_wconf 86' lang='lat' dir='ltr'>etiam</span> <span class='ocrx_word' id='word_1_364' title='bbox 873 2373 978 2404; x_wconf 90' lang='lat' dir='ltr'>cum</span> <span class='ocrx_word' id='word_1_365' title='bbox 1009 2357 1175 2417; x_wconf 86' lang='lat' dir='ltr'>justitia</span> <span class='ocrx_word' id='word_1_366' title='bbox 1204 2354 1348 2403; x_wconf 63' lang='lat' dir='ltr'>strieie</span> <span class='ocrx_word' id='word_1_367' title='bbox 1369 2352 1484 2400; x_wconf 59' lang='lat' dir='ltr'>dista</span> <span class='ocrx_word' id='word_1_368' title='bbox 1501 2366 1590 2397; x_wconf 88' lang='lat' dir='ltr'>non</span> <span class='ocrx_word' id='word_1_369' title='bbox 1608 2350 1776 2399; x_wconf 59' lang='lat' dir='ltr'>laeditur</span> <span class='ocrx_word' id='word_1_370' title='bbox 1793 2386 1803 2400; x_wconf 92' lang='lat'><em>,</em></span> <span class='ocrx_word' id='word_1_371' title='bbox 1834 2348 1895 2395; x_wconf 81' lang='lat' dir='ltr'>est</span> 
     </span>
    </p>
   </div>
   <div class='ocr_carea' id='block_1_4' title="bbox 243 2411 2114 3353">
    <p class='ocr_par' dir='ltr' id='par_1_10' title="bbox 249 2411 2114 3041">
     <span class='ocr_line' id='line_1_35' title="bbox 250 2411 1889 2483; baseline -0.007 -17"><span class='ocrx_word' id='word_1_372' title='bbox 250 2434 301 2466; x_wconf 89' lang='lat' dir='ltr'>ut</span> <span class='ocrx_word' id='word_1_373' title='bbox 320 2436 533 2483; x_wconf 80' lang='lat' dir='ltr'>peccetur</span> <span class='ocrx_word' id='word_1_374' title='bbox 552 2420 761 2468; x_wconf 83' lang='lat' dir='ltr'>adversus</span> <span class='ocrx_word' id='word_1_375' title='bbox 787 2420 835 2466; x_wconf 86' lang='lat' dir='ltr'>id</span> <span class='ocrx_word' id='word_1_376' title='bbox 859 2420 1060 2466; x_wconf 87' lang='lat' dir='ltr'>officium</span> <span class='ocrx_word' id='word_1_377' title='bbox 1121 2417 1216 2465; x_wconf 90' lang='lat' dir='ltr'>uod</span> <span class='ocrx_word' id='word_1_378' title='bbox 1243 2419 1286 2463; x_wconf 89' lang='lat' dir='ltr'>in</span> <span class='ocrx_word' id='word_1_379' title='bbox 1311 2418 1406 2464; x_wconf 84' lang='lat' dir='ltr'>aliis</span> <span class='ocrx_word' id='word_1_380' title='bbox 1431 2413 1665 2476; x_wconf 78' lang='lat' dir='ltr'>diligendis</span> <span class='ocrx_word' id='word_1_381' title='bbox 1681 2411 1889 2466; x_wconf 80' lang='lat' dir='ltr'>consistit,</span> 
     </span>
     <span class='ocr_line' id='line_1_36' title="bbox 250 2475 1894 2546; baseline -0.007 -18"><span class='ocrx_word' id='word_1_382' title='bbox 250 2482 494 2546; x_wconf 80' lang='lat' dir='ltr'>praesertim</span> <span class='ocrx_word' id='word_1_383' title='bbox 505 2485 634 2546; x_wconf 88' lang='lat' dir='ltr'>quale</span> <span class='ocrx_word' id='word_1_384' title='bbox 647 2481 898 2530; x_wconf 85' lang='lat' dir='ltr'>Christiana</span> <span class='ocrx_word' id='word_1_385' title='bbox 915 2486 988 2528; x_wconf 75' lang='lat' dir='ltr'>lex</span> <span class='ocrx_word' id='word_1_386' title='bbox 1004 2498 1090 2544; x_wconf 83' lang='lat' dir='ltr'>prae</span> <span class='ocrx_word' id='word_1_387' title='bbox 1112 2480 1245 2527; x_wconf 87' lang='lat' dir='ltr'>cribit</span> <span class='ocrx_word' id='word_1_388' title='bbox 1265 2517 1276 2535; x_wconf 81' lang='lat'>,</span> <span class='ocrx_word' id='word_1_389' title='bbox 1291 2494 1340 2526; x_wconf 90' lang='lat' dir='ltr'>ut</span> <span class='ocrx_word' id='word_1_390' title='bbox 1356 2479 1384 2526; x_wconf 87' lang='lat' dir='ltr'>fi</span> <span class='ocrx_word' id='word_1_391' title='bbox 1405 2490 1614 2539; x_wconf 77' lang='lat' dir='ltr'>appareat</span> <span class='ocrx_word' id='word_1_392' title='bbox 1628 2475 1763 2521; x_wconf 86' lang='lat' dir='ltr'>talem</span> <span class='ocrx_word' id='word_1_393' title='bbox 1783 2489 1894 2542; x_wconf 48' lang='lat' dir='ltr'>praes-</span> 
     </span>
     <span class='ocr_line' id='line_1_37' title="bbox 251 2537 1890 2609; baseline -0.007 -18"><span class='ocrx_word' id='word_1_394' title='bbox 251 2545 486 2592; x_wconf 85' lang='lat' dir='ltr'>dationem</span> <span class='ocrx_word' id='word_1_395' title='bbox 510 2548 727 2609; x_wconf 83' lang='lat' dir='ltr'>praecipue</span> <span class='ocrx_word' id='word_1_396' title='bbox 758 2545 1009 2592; x_wconf 87' lang='lat' dir='ltr'>nocituram</span> <span class='ocrx_word' id='word_1_397' title='bbox 1037 2560 1128 2590; x_wconf 89' lang='lat' dir='ltr'>non</span> <span class='ocrx_word' id='word_1_398' title='bbox 1154 2542 1344 2588; x_wconf 88' lang='lat' dir='ltr'>hostium</span> <span class='ocrx_word' id='word_1_399' title='bbox 1358 2537 1626 2605; x_wconf 73' lang='lat' dir='ltr'>universitati</span> <span class='ocrx_word' id='word_1_400' title='bbox 1644 2575 1654 2592; x_wconf 90' lang='lat'>,</span> <span class='ocrx_word' id='word_1_401' title='bbox 1686 2550 1762 2582; x_wconf 85' lang='lat' dir='ltr'>aut</span> <span class='ocrx_word' id='word_1_402' title='bbox 1777 2550 1890 2597; x_wconf 82' lang='lat' dir='ltr'>regi,</span> 
     </span>
     <span class='ocr_line' id='line_1_38' title="bbox 250 2596 1891 2670; baseline -0.008 -16"><span class='ocrx_word' id='word_1_403' title='bbox 250 2622 327 2654; x_wconf 88' lang='lat' dir='ltr'>aut</span> <span class='ocrx_word' id='word_1_404' title='bbox 343 2608 412 2654; x_wconf 87' lang='lat' dir='ltr'>his</span> <span class='ocrx_word' id='word_1_405' title='bbox 427 2610 502 2670; x_wconf 89' lang='lat' dir='ltr'>qui</span> <span class='ocrx_word' id='word_1_406' title='bbox 520 2624 599 2670; x_wconf 88' lang='lat' dir='ltr'>per</span> <span class='ocrx_word' id='word_1_407' title='bbox 616 2607 658 2653; x_wconf 87' lang='lat' dir='ltr'>se</span> <span class='ocrx_word' id='word_1_408' title='bbox 678 2606 824 2654; x_wconf 87' lang='lat' dir='ltr'>sontes</span> <span class='ocrx_word' id='word_1_409' title='bbox 840 2605 937 2653; x_wconf 86' lang='lat' dir='ltr'>sunt</span> <span class='ocrx_word' id='word_1_410' title='bbox 954 2644 966 2662; x_wconf 92' lang='lat'>,</span> <span class='ocrx_word' id='word_1_411' title='bbox 984 2604 1061 2652; x_wconf 73' lang='lat' dir='ltr'>led</span> <span class='ocrx_word' id='word_1_412' title='bbox 1075 2604 1383 2651; x_wconf 87' lang='lat' dir='ltr'>innocentibus</span> <span class='ocrx_word' id='word_1_413' title='bbox 1402 2638 1414 2656; x_wconf 93' lang='lat'>‚</span> <span class='ocrx_word' id='word_1_414' title='bbox 1444 2601 1491 2644; x_wconf 87' lang='lat'>&amp;</span> <span class='ocrx_word' id='word_1_415' title='bbox 1508 2598 1691 2660; x_wconf 82' lang='lat' dir='ltr'>quidem</span> <span class='ocrx_word' id='word_1_416' title='bbox 1708 2596 1827 2667; x_wconf 70' lang='lat' dir='ltr'>adeo</span> <span class='ocrx_word' id='word_1_417' title='bbox 1841 2610 1891 2642; x_wconf 88' lang='lat' dir='ltr'>ut</span> 
     </span>
     <span class='ocr_line' id='line_1_39' title="bbox 250 2666 1888 2727; baseline -0.006 -12"><span class='ocrx_word' id='word_1_418' title='bbox 250 2685 331 2717; x_wconf 87' lang='lat' dir='ltr'>eos</span> <span class='ocrx_word' id='word_1_419' title='bbox 347 2669 578 2716; x_wconf 86' lang='lat' dir='ltr'>detrusura</span> <span class='ocrx_word' id='word_1_420' title='bbox 593 2669 647 2716; x_wconf 76' lang='lat' dir='ltr'>iit</span> <span class='ocrx_word' id='word_1_421' title='bbox 663 2671 708 2715; x_wconf 89' lang='lat' dir='ltr'>in</span> <span class='ocrx_word' id='word_1_422' title='bbox 721 2668 911 2716; x_wconf 88' lang='lat' dir='ltr'>summas</span> <span class='ocrx_word' id='word_1_423' title='bbox 927 2666 1267 2723; x_wconf 84' lang='lat' dir='ltr'>calamitates,in</span> <span class='ocrx_word' id='word_1_424' title='bbox 1284 2680 1390 2727; x_wconf 88' lang='lat' dir='ltr'>quas</span> <span class='ocrx_word' id='word_1_425' title='bbox 1405 2676 1539 2707; x_wconf 82' lang='lat' dir='ltr'>etiam</span> <span class='ocrx_word' id='word_1_426' title='bbox 1558 2675 1639 2706; x_wconf 88' lang='lat' dir='ltr'>eos</span> <span class='ocrx_word' id='word_1_427' title='bbox 1649 2676 1727 2721; x_wconf 81' lang='lat' dir='ltr'>qui</span> <span class='ocrx_word' id='word_1_428' title='bbox 1737 2674 1888 2720; x_wconf 76' lang='lat' dir='ltr'>priva-</span> 
     </span>
     <span class='ocr_line' id='line_1_40' title="bbox 250 2720 2114 2789; baseline -0.009 -11"><span class='ocrx_word' id='word_1_429' title='bbox 250 2734 335 2778; x_wconf 88' lang='lat' dir='ltr'>tim</span> <span class='ocrx_word' id='word_1_430' title='bbox 347 2731 476 2779; x_wconf 89' lang='lat' dir='ltr'>nobis</span> <span class='ocrx_word' id='word_1_431' title='bbox 493 2732 663 2779; x_wconf 90' lang='lat' dir='ltr'>debent</span> <span class='ocrx_word' id='word_1_432' title='bbox 676 2732 905 2789; x_wconf 87' lang='lat' dir='ltr'>conjicere</span> <span class='ocrx_word' id='word_1_433' title='bbox 928 2767 940 2783; x_wconf 82' lang='lat'><strong>‚</strong></span> <span class='ocrx_word' id='word_1_434' title='bbox 953 2726 1328 2775; x_wconf 72' lang='lat' dir='ltr'>immisericordiae</span> <span class='ocrx_word' id='word_1_435' title='bbox 1345 2725 1481 2771; x_wconf 87' lang='lat' dir='ltr'>foret.</span> <span class='ocrx_word' id='word_1_436' title='bbox 1517 2721 1658 2785; x_wconf 83' lang='lat' dir='ltr'>Qod</span> <span class='ocrx_word' id='word_1_437' title='bbox 1675 2722 1705 2767; x_wconf 83' lang='lat' dir='ltr'>fi</span> <span class='ocrx_word' id='word_1_438' title='bbox 1722 2720 1780 2767; x_wconf 87' lang='lat' dir='ltr'>ad</span> <span class='ocrx_word' id='word_1_439' title='bbox 1794 2720 1884 2766; x_wconf 84' lang='lat' dir='ltr'>haec</span> <span class='ocrx_word' id='word_1_440' title='bbox 1902 2745 2023 2780; x_wconf 25' lang='lat' dir='ltr'><em>silv—i„</em></span> <span class='ocrx_word' id='word_1_441' title='bbox 2035 2757 2114 2783; x_wconf 67' lang='lat' dir='ltr'>w,-</span> 
     </span>
     <span class='ocr_line' id='line_1_41' title="bbox 249 2783 2111 2856; baseline -0.01 -13"><span class='ocrx_word' id='word_1_442' title='bbox 249 2794 436 2843; x_wconf 85' lang='lat' dir='ltr'>accedat</span> <span class='ocrx_word' id='word_1_443' title='bbox 453 2809 502 2842; x_wconf 94' lang='lat' dir='ltr'>ut</span> <span class='ocrx_word' id='word_1_444' title='bbox 517 2811 569 2841; x_wconf 88' lang='lat' dir='ltr'>ea</span> <span class='ocrx_word' id='word_1_445' title='bbox 587 2792 862 2856; x_wconf 80' lang='lat' dir='ltr'>depraedatio</span> <span class='ocrx_word' id='word_1_446' title='bbox 878 2807 1022 2853; x_wconf 86' lang='lat' dir='ltr'>neque</span> <span class='ocrx_word' id='word_1_447' title='bbox 1039 2790 1097 2838; x_wconf 83' lang='lat' dir='ltr'>ad</span> <span class='ocrx_word' id='word_1_448' title='bbox 1115 2792 1244 2838; x_wconf 88' lang='lat' dir='ltr'>finem</span> <span class='ocrx_word' id='word_1_449' title='bbox 1260 2788 1381 2835; x_wconf 89' lang='lat' dir='ltr'>bello</span> <span class='ocrx_word' id='word_1_450' title='bbox 1394 2783 1884 2853; x_wconf 81' lang='lat' dir='ltr'>imponendum‚neque</span> <span class='ocrx_word' id='word_1_451' title='bbox 1902 2792 2111 2830; x_wconf 40' lang='lat' dir='ltr'>babellum&amp;</span> 
     </span>
     <span class='ocr_line' id='line_1_42' title="bbox 251 2838 2089 2918; baseline -0.01 -16"><span class='ocrx_word' id='word_1_452' title='bbox 251 2856 310 2902; x_wconf 82' lang='lat' dir='ltr'>ad</span> <span class='ocrx_word' id='word_1_453' title='bbox 324 2855 516 2902; x_wconf 89' lang='lat' dir='ltr'>hostium</span> <span class='ocrx_word' id='word_1_454' title='bbox 533 2856 733 2918; x_wconf 85' lang='lat' dir='ltr'>publicas</span> <span class='ocrx_word' id='word_1_455' title='bbox 749 2856 864 2901; x_wconf 86' lang='lat' dir='ltr'>vires</span> <span class='ocrx_word' id='word_1_456' title='bbox 889 2852 1152 2901; x_wconf 84' lang='lat' dir='ltr'>accidendas</span> <span class='ocrx_word' id='word_1_457' title='bbox 1175 2850 1371 2899; x_wconf 85' lang='lat' dir='ltr'>notabile</span> <span class='ocrx_word' id='word_1_458' title='bbox 1396 2845 1582 2907; x_wconf 79' lang='lat' dir='ltr'>aliquod</span> <span class='ocrx_word' id='word_1_459' title='bbox 1601 2857 1882 2915; x_wconf 73' lang='lat' dir='ltr'>momentum</span> <span class='ocrx_word' id='word_1_460' title='bbox 1903 2838 1940 2881; x_wconf 88' lang='lat'>8,</span> <span class='ocrx_word' id='word_1_461' title='bbox 1953 2840 2036 2883; x_wconf 62' lang='lat' dir='ltr'>vers</span> <span class='ocrx_word' id='word_1_462' title='bbox 2051 2848 2089 2884; x_wconf 83' lang='lat'>5·</span> 
     </span>
     <span class='ocr_line' id='line_1_43' title="bbox 249 2904 1884 2979; baseline -0.01 -15"><span class='ocrx_word' id='word_1_463' title='bbox 249 2916 414 2964; x_wconf 81' lang='lat' dir='ltr'>habeat</span> <span class='ocrx_word' id='word_1_464' title='bbox 430 2955 442 2974; x_wconf 85' lang='lat'>,</span> <span class='ocrx_word' id='word_1_465' title='bbox 474 2931 573 2964; x_wconf 89' lang='lat' dir='ltr'>tum</span> <span class='ocrx_word' id='word_1_466' title='bbox 600 2932 712 2965; x_wconf 87' lang='lat' dir='ltr'>vero</span> <span class='ocrx_word' id='word_1_467' title='bbox 729 2914 880 2976; x_wconf 83' lang='lat' dir='ltr'>probo</span> <span class='ocrx_word' id='word_1_468' title='bbox 907 2916 1090 2961; x_wconf 86' lang='lat' dir='ltr'>homine</span> <span class='ocrx_word' id='word_1_469' title='bbox 1120 2913 1356 2979; x_wconf 85' lang='lat' dir='ltr'>praesertim</span> <span class='ocrx_word' id='word_1_470' title='bbox 1373 2908 1626 2956; x_wconf 86' lang='lat' dir='ltr'>Christiano</span> <span class='ocrx_word' id='word_1_471' title='bbox 1649 2945 1660 2964; x_wconf 88' lang='lat'>,</span> <span class='ocrx_word' id='word_1_472' title='bbox 1678 2904 1884 2966; x_wconf 82' lang='lat' dir='ltr'>indignus</span> 
     </span>
     <span class='ocr_line' id='line_1_44' title="bbox 249 2971 1776 3041; baseline -0.009 -15"><span class='ocrx_word' id='word_1_473' title='bbox 249 2979 416 3026; x_wconf 85' lang='lat' dir='ltr'>censeri</span> <span class='ocrx_word' id='word_1_474' title='bbox 428 2978 567 3025; x_wconf 83' lang='lat' dir='ltr'>debet</span> <span class='ocrx_word' id='word_1_475' title='bbox 581 2980 607 3007; x_wconf 88' lang='grc'>*</span> <span class='ocrx_word' id='word_1_476' title='bbox 625 2979 806 3041; x_wconf 79' lang='lat' dir='ltr'>quaestus</span> <span class='ocrx_word' id='word_1_477' title='bbox 826 2993 883 3023; x_wconf 84' lang='lat' dir='ltr'>ex</span> <span class='ocrx_word' id='word_1_478' title='bbox 899 2977 993 3024; x_wconf 87' lang='lat' dir='ltr'>sola</span> <span class='ocrx_word' id='word_1_479' title='bbox 1008 2992 1265 3040; x_wconf 86' lang='lat' dir='ltr'>temporum</span> <span class='ocrx_word' id='word_1_480' title='bbox 1285 2971 1578 3020; x_wconf 72' lang='lat' dir='ltr'>infoelicitate.</span> <span class='ocrx_word' id='word_1_481' title='bbox 1619 3033 1626 3039; x_wconf 37' lang='grc'><strong><em>.</em></strong></span> <span class='ocrx_word' id='word_1_482' title='bbox 1661 3032 1668 3037; x_wconf 27' lang='lat'><strong>⁴</strong></span> <span class='ocrx_word' id='word_1_483' title='bbox 1769 2976 1776 2983; x_wconf 90' lang='grc'><em>·</em></span> 
     </span>
    </p>

    <p class='ocr_par' dir='ltr' id='par_1_11' title="bbox 243 3027 2114 3353">
     <span class='ocr_line' id='line_1_45' title="bbox 313 3027 1881 3102; baseline -0.01 -14"><span class='ocrx_word' id='word_1_484' title='bbox 313 3041 375 3088; x_wconf 90' lang='lat' dir='ltr'>V.</span> <span class='ocrx_word' id='word_1_485' title='bbox 408 3040 570 3088; x_wconf 86' lang='lat' dir='ltr'>Evenit</span> <span class='ocrx_word' id='word_1_486' title='bbox 596 3055 744 3088; x_wconf 85' lang='lat' dir='ltr'>autem</span> <span class='ocrx_word' id='word_1_487' title='bbox 758 3039 983 3088; x_wconf 89' lang='lat' dir='ltr'>interdum</span> <span class='ocrx_word' id='word_1_488' title='bbox 1004 3076 1016 3095; x_wconf 88' lang='lat'>‚</span> <span class='ocrx_word' id='word_1_489' title='bbox 1049 3055 1100 3086; x_wconf 88' lang='lat' dir='ltr'>ut</span> <span class='ocrx_word' id='word_1_490' title='bbox 1126 3038 1355 3085; x_wconf 82' lang='lat' dir='ltr'>occasione</span> <span class='ocrx_word' id='word_1_491' title='bbox 1377 3033 1480 3079; x_wconf 86' lang='lat' dir='ltr'>belli</span> <span class='ocrx_word' id='word_1_492' title='bbox 1507 3027 1881 3102; x_wconf 79' lang='lat' dir='ltr'>publicinascatur</span> 
     </span>
     <span class='ocr_line' id='line_1_46' title="bbox 248 3095 1880 3165; baseline -0.01 -13"><span class='ocrx_word' id='word_1_493' title='bbox 248 3103 417 3152; x_wconf 86' lang='lat' dir='ltr'>bellum</span> <span class='ocrx_word' id='word_1_494' title='bbox 428 3104 653 3165; x_wconf 83' lang='lat' dir='ltr'>privatum</span> <span class='ocrx_word' id='word_1_495' title='bbox 672 3142 682 3159; x_wconf 95' lang='lat'>,</span> <span class='ocrx_word' id='word_1_496' title='bbox 702 3117 810 3164; x_wconf 86' lang='lat' dir='ltr'>puta</span> <span class='ocrx_word' id='word_1_497' title='bbox 823 3102 852 3148; x_wconf 83' lang='lat' dir='ltr'>fi</span> <span class='ocrx_word' id='word_1_498' title='bbox 867 3103 965 3164; x_wconf 83' lang='lat' dir='ltr'>quis</span> <span class='ocrx_word' id='word_1_499' title='bbox 981 3102 1025 3147; x_wconf 89' lang='lat' dir='ltr'>in</span> <span class='ocrx_word' id='word_1_500' title='bbox 1041 3101 1187 3147; x_wconf 86' lang='lat' dir='ltr'>hostes</span> <span class='ocrx_word' id='word_1_501' title='bbox 1201 3097 1402 3146; x_wconf 85' lang='lat' dir='ltr'>inciderit</span> <span class='ocrx_word' id='word_1_502' title='bbox 1420 3133 1433 3151; x_wconf 92' lang='lat'>,</span> <span class='ocrx_word' id='word_1_503' title='bbox 1462 3095 1509 3140; x_wconf 87' lang='lat'>&amp;</span> <span class='ocrx_word' id='word_1_504' title='bbox 1527 3109 1624 3141; x_wconf 82' lang='lat' dir='ltr'>vitae</span> <span class='ocrx_word' id='word_1_505' title='bbox 1641 3105 1715 3139; x_wconf 80' lang='lat' dir='ltr'>aut</span> <span class='ocrx_word' id='word_1_506' title='bbox 1729 3104 1880 3136; x_wconf 84' lang='lat' dir='ltr'>retum</span> 
     </span>
     <span class='ocr_line' id='line_1_47' title="bbox 251 3150 1878 3228; baseline -0.01 -15"><span class='ocrx_word' id='word_1_507' title='bbox 251 3166 384 3213; x_wconf 80' lang='lat' dir='ltr'>adeat</span> <span class='ocrx_word' id='word_1_508' title='bbox 400 3165 643 3228; x_wconf 89' lang='lat' dir='ltr'>periculum</span> <span class='ocrx_word' id='word_1_509' title='bbox 670 3202 681 3217; x_wconf 88' lang='lat'>,</span> <span class='ocrx_word' id='word_1_510' title='bbox 693 3180 785 3225; x_wconf 86' lang='lat' dir='ltr'>quo</span> <span class='ocrx_word' id='word_1_511' title='bbox 801 3178 963 3210; x_wconf 85' lang='lat' dir='ltr'>eventu</span> <span class='ocrx_word' id='word_1_512' title='bbox 975 3178 1028 3210; x_wconf 83' lang='lat' dir='ltr'>ea</span> <span class='ocrx_word' id='word_1_513' title='bbox 1043 3177 1172 3209; x_wconf 87' lang='lat' dir='ltr'>erunt</span> <span class='ocrx_word' id='word_1_514' title='bbox 1189 3157 1466 3208; x_wconf 84' lang='lat' dir='ltr'>observanda</span> <span class='ocrx_word' id='word_1_515' title='bbox 1476 3172 1570 3217; x_wconf 83' lang='lat' dir='ltr'>quae</span> <span class='ocrx_word' id='word_1_516' title='bbox 1599 3155 1656 3200; x_wconf 91' lang='lat' dir='ltr'>de</span> <span class='ocrx_word' id='word_1_517' title='bbox 1672 3150 1878 3223; x_wconf 70' lang='lat' dir='ltr'>eonceffo</span> 
     </span>
     <span class='ocr_line' id='line_1_48' title="bbox 243 3217 2114 3287; baseline -0.009 -14"><span class='ocrx_word' id='word_1_518' title='bbox 243 3227 404 3274; x_wconf 83' lang='lat' dir='ltr'>tuendi</span> <span class='ocrx_word' id='word_1_519' title='bbox 435 3225 480 3273; x_wconf 85' lang='lat' dir='ltr'>se</span> <span class='ocrx_word' id='word_1_520' title='bbox 506 3228 655 3274; x_wconf 89' lang='lat' dir='ltr'>modo</span> <span class='ocrx_word' id='word_1_521' title='bbox 679 3226 786 3274; x_wconf 86' lang='lat' dir='ltr'>alibi</span> <span class='ocrx_word' id='word_1_522' title='bbox 812 3225 1023 3272; x_wconf 82' lang='lat' dir='ltr'>diximus.</span> <span class='ocrx_word' id='word_1_523' title='bbox 1062 3224 1189 3271; x_wconf 90' lang='lat' dir='ltr'>Solet</span> <span class='ocrx_word' id='word_1_524' title='bbox 1220 3224 1268 3269; x_wconf 87' lang='lat'>&amp;</span> <span class='ocrx_word' id='word_1_525' title='bbox 1295 3220 1512 3282; x_wconf 84' lang='lat' dir='ltr'>conjungi</span> <span class='ocrx_word' id='word_1_526' title='bbox 1542 3217 1778 3287; x_wconf 49' lang='lat' dir='ltr'>austoritas</span> <span class='ocrx_word' id='word_1_527' title='bbox 1796 3229 1884 3275; x_wconf 27' lang='lat' dir='ltr'>*pu-</span> <span class='ocrx_word' id='word_1_528' title='bbox 1902 3235 2010 3272; x_wconf 66' lang='lat' dir='ltr'>ml,</span> <span class='ocrx_word' id='word_1_529' title='bbox 2026 3238 2053 3263; x_wconf 72' lang='lat' dir='ltr'>c,</span> <span class='ocrx_word' id='word_1_530' title='bbox 2075 3236 2114 3268; x_wconf 66' lang='grc' dir='ltr'>ι,</span> 
     </span>
     <span class='ocr_line' id='line_1_49' title="bbox 247 3276 1882 3353; baseline -0.009 -17"><span class='ocrx_word' id='word_1_531' title='bbox 247 3288 367 3338; x_wconf 88' lang='lat' dir='ltr'>blica</span> <span class='ocrx_word' id='word_1_532' title='bbox 391 3304 496 3337; x_wconf 87' lang='lat' dir='ltr'>cum</span> <span class='ocrx_word' id='word_1_533' title='bbox 511 3291 688 3353; x_wconf 81' lang='lat' dir='ltr'>privata</span> <span class='ocrx_word' id='word_1_534' title='bbox 707 3287 931 3339; x_wconf 82' lang='lat' dir='ltr'>utilitate:</span> <span class='ocrx_word' id='word_1_535' title='bbox 959 3301 1013 3335; x_wconf 86' lang='lat' dir='ltr'>ut</span> <span class='ocrx_word' id='word_1_536' title='bbox 1040 3286 1071 3333; x_wconf 87' lang='lat' dir='ltr'>fi</span> <span class='ocrx_word' id='word_1_537' title='bbox 1097 3287 1197 3348; x_wconf 88' lang='lat' dir='ltr'>quis</span> <span class='ocrx_word' id='word_1_538' title='bbox 1227 3297 1394 3348; x_wconf 88' lang='lat' dir='ltr'>magno</span> <span class='ocrx_word' id='word_1_539' title='bbox 1422 3280 1479 3330; x_wconf 87' lang='lat' dir='ltr'>ab</span> <span class='ocrx_word' id='word_1_540' title='bbox 1491 3279 1690 3331; x_wconf 80' lang='lat' dir='ltr'>hostibus</span> <span class='ocrx_word' id='word_1_541' title='bbox 1714 3276 1882 3321; x_wconf 86' lang='lat' dir='ltr'>damno</span> 
     </span>
    </p>
   </div>
   <div class='ocr_carea' id='block_1_5' title="bbox 1042 3334 1882 3415">
    <p class='ocr_par' dir='ltr' id='par_1_12' title="bbox 1042 3334 1882 3415">
     <span class='ocr_line' id='line_1_50' title="bbox 1042 3334 1882 3415; baseline -0.018 -17"><span class='ocrx_word' id='word_1_542' title='bbox 1042 3347 1139 3398; x_wconf 86' lang='lat' dir='ltr'>Nn</span> <span class='ocrx_word' id='word_1_543' title='bbox 1171 3363 1198 3415; x_wconf 84' lang='lat'>3</span> <span class='ocrx_word' id='word_1_544' title='bbox 1701 3334 1882 3389; x_wconf 70' lang='lat' dir='ltr'>affectus</span> 
     </span>
    </p>
   </div>
  </div>
 </body>
</html>
