2380 3917
115 873 238 911 Sozom.
256 870 336 905 hm.

116 922 202 958 Eat.
219 921 331 955 val.

127 2755 217 2794 senx
226 2764 344 2795 imm.

346 370 402 422 56
744 367 1591 408 netvneussttt

351 451 510 485 runtur
526 449 792 500 argumenta
812 473 822 492 ,
841 450 896 481 ea
926 432 1104 480 solvere
1119 433 1302 481 difficile
1315 450 1406 480 uon
1429 432 1503 479 est.
1531 431 1656 479 Nam
1674 431 1873 495 primum
1889 432 2024 499 quod

351 501 598 549 asseverant
616 514 718 544 eum
739 501 765 544 a
784 512 878 559 quo
894 496 1053 559 aliquis
1065 497 1349 544 constituitur
1365 495 1450 542 effe
1462 495 1741 558 superiorem
1757 494 2024 554 constituto,

354 579 515 610 verum
536 561 775 606 dumtaxat
809 559 869 605 est
898 560 942 606 in
970 573 1026 607 ea
1054 559 1372 607 constitutione
1390 597 1401 614 ,
1436 560 1565 619 cujus
1597 556 1778 604 effestus
1806 573 2030 621 perpetuo

355 624 523 691 pendet
561 627 587 668 a
615 623 847 669 voluntate
859 621 1166 670 constituentis
1182 643 1197 681 3
1220 638 1312 669 non
1330 624 1473 669 etiam
1489 622 1534 666 in
1551 635 1604 666 ea
1621 636 1713 682 quae
1743 618 1800 667 ab
1817 621 1948 668 initio
1967 621 2030 668 est

357 687 601 732 voluntatis
622 723 630 739 ‚
651 685 803 746 postea
820 700 932 731 vero
949 684 1157 734 effeetum
1185 685 1323 731 habet
1342 682 1613 731 necessitatis
1632 699 1643 730 ;
1664 681 1905 744 quomodo
1926 700 2030 734 mu-

355 749 438 796 lier
454 751 598 797 virum
619 747 696 796 sibi
713 747 940 795 constituit
957 749 1029 794 eui
1042 749 1205 812 parere
1221 746 1399 808 semper
1413 746 1579 793 necesse
1597 745 1748 791 habet.
1767 750 1791 777 *
1822 744 2030 794 Valenti-

358 814 508 858 nianus
525 811 591 856 lm
627 824 783 856 erator
799 809 1023 858 militibus
1039 808 1177 874 quise
1193 811 1524 873 h-nperatorem
1542 807 1740 857 fecerant
1757 845 1770 864 ,
1802 807 2028 870 postulan-

359 876 477 922 tibus
491 826 623 935 quodJ
634 872 712 936 ipsi
727 888 818 918 non
834 872 1131 937 probabatur,
1152 872 1401 938 respondit:
1422 882 1472 920 Vc
1482 892 1543 918 me
1561 874 1618 916 ad
1630 874 1903 932 imperandum
1921 875 2029 918 vobis

358 943 538 1000 eligeretis
554 971 564 984 ‚
583 942 624 980 in
655 939 780 994 vestra
797 936 919 997 fitum
936 939 1264 998 eratpotqftaee,5
1292 940 1462 983 milites:
1486 950 1533 980 at
1542 939 1743 996 possquam
1774 952 1836 979 me
1864 937 2028 995 elegistis,

355 1003 458 1064 quod
466 1004 615 1060 petitis,
628 1004 670 1044 in
693 1018 773 1044 meo
791 1002 841 1057 est
852 1001 1021 1045 arbitrio
1033 1034 1044 1050 ‚
1061 1019 1135 1049 non
1160 1003 1299 1058 vestro.
1319 1001 1425 1045 Vobis
1455 1013 1645 1060 tanquam
1660 998 1841 1105 Aubditis
1853 1002 2028 1056 competit

346 1079 499 1126 parere,
517 1065 616 1106 mihi
632 1079 709 1122 qua
719 1064 905 1123 facienda
913 1064 1011 1121 fimt
1024 1099 1037 1118 ,
1054 1067 1228 1123 cogitare.
1248 1059 1342 1109 Sed
1358 1075 1439 1107 nec
1456 1073 1616 1107 verum
1633 1072 1658 1104 e
1711 1056 1838 1120 quod
1851 1055 2029 1106 affumi-

357 1140 434 1171 tur.
452 1161 464 1180 ,
484 1138 647 1171 omnes
664 1135 713 1169 re
747 1138 796 1170 es
814 1126 839 1170 a
853 1123 1028 1186 populo
1042 1124 1252 1171 constitui
1269 1121 1423 1185 :quod
1439 1116 1659 1192 exemplis
1675 1121 1816 1184 patris
1831 1117 2030 1168 familias

354 1186 554 1234 advenas
587 1184 666 1232 sub
684 1137 935 1233 offiediendi
951 1186 1054 1251 lege
1071 1188 1342 1257 acceptantis
1360 1224 1373 1242 ,
1393 1186 1442 1232 &
1458 1199 1665 1249 gentium
1693 1182 1817 1231 bello
1827 1180 2029 1230 deviCta-

355 1264 457 1299 rum
471 1288 483 1305 ,
507 1265 602 1311 quae
617 1246 750 1312 supra
766 1248 1000 1296 attulimus
1018 1285 1030 1300 ‚
1049 1248 1153 1297 satis
1171 1249 1360 1314 intelligi
1378 1248 1537 1310 potest.
1564 1247 1771 1295 Alterum
1787 1261 2030 1310 argumen-

356 1326 457 1359 tum
475 1311 653 1360 sumunt
668 1327 727 1359 ex
744 1310 870 1358 dieto
888 1311 1072 1359 Philoso
1106 1312 1288 1369 horum,
1305 1314 1507 1377 regimen
1523 1326 1661 1357 omne
1677 1324 1838 1355 eorum
1859 1309 1937 1371 qui
1955 1324 2032 1356 re-

355 1389 522 1439 guntur
536 1413 548 1432 ‚
574 1390 667 1421 non
684 1376 761 1437 qui
776 1389 940 1438 regunt
959 1414 970 1432 ,
988 1391 1070 1423 cau
1092 1392 1115 1422 a
1146 1375 1231 1424 effe
1260 1389 1466 1438 paratum
1481 1390 1493 1422 :
1509 1372 1629 1420 unde
1645 1371 1763 1436 sequi
1778 1373 2032 1422 existimant

359 1454 415 1484 ex
432 1437 526 1484 finis
542 1436 784 1485 nobilitate
802 1476 813 1494 ‚
832 1453 915 1484 eos
933 1440 1246 1503 quireguntur
1266 1477 1276 1495 ,
1293 1437 1545 1501 superiores
1568 1434 1654 1483 esse
1674 1450 1732 1482 eo
1753 1472 1764 1491 ,
1800 1440 1876 1499 qui
1895 1436 2028 1500 regit.

354 1498 452 1546 Sed
467 1514 550 1547 nec
566 1499 680 1547 illud
695 1499 1004 1548 universaliter
1023 1517 1185 1552 verum
1203 1500 1264 1548 est
1283 1539 1295 1558 ,
1315 1516 1452 1548 omne
1481 1500 1686 1564 regimen
1697 1499 1794 1558 ejus
1810 1503 1888 1564 qui
1908 1499 2033 1564 regi-

353 1576 431 1611 tur
449 1561 579 1610 causa
608 1564 696 1612 effe
712 1577 1032 1627 comparatum
1050 1584 1067 1624 3
1083 1581 1189 1612 nam
1208 1562 1412 1628 quaedatn
1428 1563 1650 1628 regimina
1679 1576 1758 1626 pet
1773 1561 1819 1610 se
1831 1563 1928 1611 sunt
1958 1577 2033 1608 re-

354 1627 503 1691 gentis
518 1626 670 1683 causti,
706 1641 756 1673 ut
779 1625 1061 1674 dominicum
1082 1643 1215 1676 :nam
1234 1625 1346 1674 servi
1372 1626 1537 1673 utilitas
1550 1623 1615 1672 ibi
1639 1625 1888 1675 extrinseca
1902 1624 1964 1672 est
1980 1625 2031 1672 δε

353 1688 634 1737 adventitia:
659 1689 767 1737 sicut
799 1689 969 1736 medici
986 1690 1162 1737 lucrum
1178 1689 1236 1736 ad
1265 1688 1404 1754 ipsam
1421 1688 1693 1738 medicinam
1711 1703 1805 1737 non
1821 1688 2032 1756 pertinet.

357 1750 473 1800 Sunt
491 1750 577 1798 alia
605 1754 827 1817 regimina
844 1766 1005 1800 mutuae
1036 1754 1241 1802 utilitatis
1256 1751 1386 1800 causa
1405 1790 1417 1811 ,
1436 1766 1484 1800 ut
1497 1750 1718 1799 maritale.
1752 1752 1827 1804 Sic
1840 1751 2033 1816 imperia

360 1815 565 1877 quaedam
583 1815 668 1863 effe
684 1814 858 1879 poffunt
874 1831 1140 1879 comparata
1154 1815 1212 1863 ad
1239 1831 1288 1862 re
1322 1832 1400 1863 um
1418 1815 1658 1864 utilitatem
1675 1852 1687 1871 ,
1703 1830 1756 1865 ut
1770 1833 1867 1880 quae
1886 1814 2033 1863 νὶᾶο·

359 1879 425 1926 ria
475 1892 570 1924 arta
586 1876 697 1934 sunt,
720 1880 769 1925 δε
786 1894 878 1925 non
897 1878 1005 1926 ideo
1024 1881 1256 1941 tyrannica
1272 1832 1466 1927 dicenda
1482 1878 1579 1926 sunt
1596 1915 1609 1934 ‚
1625 1893 1730 1926 cum
1745 1879 1960 1941 tyrannis,
1979 1888 2033 1925 ut

393 1941 435 1987 ui
471 1956 544 1986 em
561 1955 614 1987 ea
625 1956 720 1988 vox
735 1957 853 1988 nunc
871 1942 1148 2008 intelligitur,
1159 1942 1417 1994 iniustitiam
1430 1940 1643 1990 includat.
1659 1942 1840 1991 Poffunt
1852 1944 1900 1989 &
1913 1957 2034 2012 quae·

399 2019 471 2050 am
487 2003 730 2050 utilitatem
750 2002 971 2068 respicere
990 2021 1083 2052 tam
1103 2007 1200 2066 ejus
1216 2008 1291 2068 qui
1309 2007 1428 2071 regit
1453 2045 1465 2064 ,
1482 2020 1620 2069 quam
1636 2007 1734 2067 ejus
1747 2008 1824 2070 qui
1840 2018 2032 2070 regitur,

364 2081 416 2114 ut
431 2082 534 2112 cum
547 2067 737 2129 populus
753 2069 981 2130 impotens
997 2068 1074 2115 fibi
1093 2067 1266 2117 tuendo
1283 2085 1439 2138 regem
1453 2082 1692 2134 potentem
1704 2069 1912 2133 imponit.
1929 2065 2034 2113 Cae·

362 2143 512 2176 terum
528 2145 618 2176 non
635 2145 754 2193 nego
780 2131 824 2175 in
840 2130 1057 2195 plerisque
1073 2133 1270 2197 imperiis
1287 2132 1445 2197 relpici
1491 2147 1540 2178 et
1557 2129 1600 2177 se
1615 2132 1854 2180 utilitatem
1867 2144 2032 2176 eorum

364 2193 441 2300 {ini
460 2206 672 2256 reguntur
687 2209 698 2241 :
716 2194 764 2238 &
780 2208 940 2241 verum
956 2194 1040 2242 effe
1056 2195 1184 2256 quod
1201 2192 1373 2245 Cicero
1398 2211 1460 2258 po
1513 2194 1811 2245 Herodotum
1826 2235 1837 2252 ,
1872 2192 2035 2242 Hero-

403 2269 506 2301 otus
521 2254 617 2315 post
635 2254 886 2305 Hesiodum
903 2257 1021 2305 dixit
1034 2296 1046 2313 ,
1065 2257 1263 2305 fruendae
1278 2261 1449 2323 justitia:
1465 2256 1593 2309 causa
1609 2275 1737 2324 reges
1752 2258 2031 2307 constitutos.

366 2315 459 2365 Sed
478 2333 568 2387 non
597 2317 705 2365 ideo
739 2320 1011 2383 consequens
1027 2321 1088 2367 est
1103 2361 1116 2377 ,
1133 2320 1262 2384 quod
1279 2324 1343 2371 illi
1358 2321 1554 2371 inferunt
1579 2359 1592 2376 ‚
1612 2323 1808 2387 populos
1824 2336 1930 2384 rege
1945 2318 2032 2366 effe

366 2378 640 2442 superiores:
658 2397 763 2428 nam
795 2383 844 2427 δε
860 2383 1005 2429 tutela
1030 2385 1184 2449 pupilli
1201 2385 1327 2434 causa
1356 2401 1534 2448 reperta
1548 2385 1609 2433 est
1625 2425 1636 2439 ‚
1651 2387 1699 2430 δε
1715 2400 1866 2432 minen
1889 2381 2033 2430 tutela

365 2443 435 2503 jus
450 2443 511 2489 est
528 2460 579 2489 ac
596 2443 790 2505 potestas
805 2445 850 2490 in
869 2446 1101 2509 pupillum.
1128 2447 1232 2493 Nec
1256 2449 1318 2498 est
1332 2447 1457 2512 quod
1470 2447 1596 2494 instet
1613 2449 1769 2511 aliquis
1782 2488 1792 2503 ‚
1811 2460 2031 2494 tutorem.

366 2505 394 2551 fi
415 2506 533 2551 male
552 2523 648 2552 rem
667 2506 930 2570 pupillarem
949 2508 1229 2557 administret
1243 2550 1255 2568 ,
1275 2512 1479 2559 amoveri
1494 2509 1635 2574 poffe3
1648 2527 1784 2575 quare
1798 2512 1845 2557 δι
1862 2511 1906 2556 iu
1924 2521 2033 2572 rege

366 2568 490 2615 idem
508 2571 578 2627 jus
592 2568 677 2638 effe
692 2569 878 2616 debere.
913 2569 1041 2618 Nam
1056 2572 1100 2618 in
1126 2587 1282 2621 tutore
1300 2577 1390 2621 hoc
1401 2572 1612 2637 procedit
1631 2613 1643 2632 ,
1662 2576 1735 2638 qui
1754 2573 2031 2639 superiorem

368 2631 508 2676 habet
525 2665 537 2676 .
551 2646 596 2676 at
611 2648 654 2677 in
667 2633 868 2700 imperiis
884 2671 896 2688 ,
912 2636 1016 2695 quia
1037 2636 1341 2700 progreffusin
1356 2637 1579 2684 infinitum
1596 2653 1686 2684 non
1700 2637 1829 2685 datur
1850 2674 1863 2693 ,
1883 2635 2034 2682 omni-

370 2709 430 2739 no
448 2695 491 2740 in
508 2694 656 2762 aliqua
670 2711 746 2740 aut
758 2698 946 2757 persona
965 2735 977 2753 ,
997 2713 1074 2744 aut
1090 2713 1211 2746 coetu
1225 2699 1551 2748 consistendum
1568 2701 1644 2757 est,
1663 2717 1855 2762 quorum
1871 2714 2034 2763 pecca-

370 2770 547 2823 ta‚quia
564 2757 843 2827 superiorem
860 2760 903 2803 se
922 2758 1122 2817 judicem
1140 2777 1233 2808 non
1250 2761 1415 2809 habent
1433 2801 1445 2818 ,
1470 2763 1598 2810 Deus
1614 2762 1690 2810 fibi
1707 2781 1818 2811 curae
1836 2763 2034 2827 peculia·

369 2834 407 2865 ri
424 2818 507 2864 else
524 2819 733 2877 testatum
751 2837 825 2881 qui
842 2836 895 2867 ea
908 2838 983 2869 aut
999 2823 1195 2870 vindicat
1216 2864 1226 2881 ‚
1243 2824 1270 2872 si
1291 2828 1351 2872 ita
1368 2841 1483 2889 opus
1501 2827 1667 2884 judicet
1679 2847 1695 2885 3
1709 2841 1784 2875 aut
1801 2827 1968 2874 tolerat
1986 2827 2032 2871 in

366 2896 547 2942 poenam
567 2896 640 2927 aut
658 2883 1022 2944 explorationem
1041 2888 1213 2949 populi.
1242 2888 1440 2951 Optime
1468 2887 1686 2939 Tacitus:
1710 2892 2028 2956 Qomodofleri-

363 2947 517 2988 litatem
536 2961 606 2988 aut
629 2951 764 2990 m'mt'os
780 2950 936 3003 imbres,
963 2952 1014 3004 (5·
1040 2967 1166 2996 catera
1183 2967 1325 2996 natura
1339 2955 1443 2997 mala
1464 2989 1476 3006 ,
1497 2959 1556 2999 ita
1571 2957 1704 3000 luxum
1732 2958 1799 3003 vel
1810 2957 2032 2999 avaritiam

367 3008 653 3051 dominantium
670 3010 842 3054 tolerate.
869 3016 971 3055 Vitia
984 3028 1095 3056 crunt
1115 3015 1234 3058 donec
1246 3016 1414 3060 homines
1427 3017 1514 3074 ‚sed
1530 3035 1644 3079 neque
1661 3020 1731 3064 haec
1746 3021 1923 3064 continua
1940 3050 1952 3069 ,
1982 3014 2035 3068 ὠ·

364 3072 562 3135 meli'ortfm
591 3085 812 3136 interventu
828 3076 1048 3129 penfimtur.
1081 3073 1140 3120 Et
1168 3074 1238 3121 M.
1275 3075 1479 3122 Aurelius
1514 3079 1790 3141 magistratus
1824 3077 1943 3124 dixit
1972 3073 2034 3121 de

364 3143 565 3190 privatis,
587 3132 803 3197 principes
822 3133 880 3178 de
899 3135 1243 3197 magistratibus,
1260 3135 1285 3162 *
1314 3138 1467 3185 Deum
1492 3140 1549 3186 de
1564 3130 1699 3204 p‘rinci
1735 3141 1832 3189 ibus
1856 3139 2033 3200 iudiea-

365 3206 430 3236 re.
446 3191 627 3254 Infignis
645 3193 707 3238 est
733 3195 850 3255 apud
875 3197 1152 3258 Gregorium
1169 3199 1483 3248 Turonensem
1504 3203 1626 3251 locus
1648 3243 1658 3259 ,
1680 3159 1755 3252 ulixi
1774 3202 1907 3268 isipse
1924 3201 2032 3264 Epi-

364 3251 521 3326 scopus
544 3269 698 3317 regem
715 3256 987 3305 Francorum
1003 3259 1060 3305 fic
1078 3260 1237 3308 affatur
1262 3271 1427 3325 :Siquis
1447 3268 1494 3311 de
1508 3269 1653 3317 nohis,6
1673 3276 1763 3323 Rex,
1773 3270 1926 3328 justitia
1944 3282 2033 3309 tra·

367 3333 476 3360 mices
491 3322 748 3375 transcendere
763 3324 932 3366 voluerit
946 3356 957 3370 ,
974 3326 1000 3367 ἃ
1018 3339 1054 3366 te
1069 3331 1201 3383 corripi
1211 3329 1330 3384 potest
1341 3349 1354 3370 :
1364 3327 1402 3387 fi
1413 3347 1505 3374 vero
1523 3346 1567 3374 tu
1584 3334 1761 3391 excefferis
1772 3365 1781 3378 ,
1799 3335 1884 3392 quis
1902 3343 1939 3371 te
1955 3344 2034 3370 cor-

362 3384 472 3436 mpm
493 3390 509 3421 ,θ
524 3388 724 3441 Loquimur
746 3389 843 3428 enim
858 3386 932 3428 tibi
945 3421 956 3440 ,
975 3385 1096 3444 sedfi
1111 3391 1274 3434 volueri,-
1293 3427 1306 3444 ,
1333 3393 1445 3436 audis
1460 3392 1521 3449 :ſs
1530 3411 1661 3439 autem
1693 3395 1852 3439 nolueris
1868 3424 1878 3439 ‚
1893 3394 1975 3450 quis
1989 3404 2026 3431 te

1851 3455 2024 3496 damna-
