2475 3854
623 274 732 311 AC
805 274 1167 320 PRCIS,
1242 280 1433 317 1113.
1505 282 1632 322 111.

302 340 379 390 Est
394 340 438 388 id
457 338 626 390 iliados
643 347 690 385 A.
728 338 790 385 At
807 337 1016 400 Odysseae
1034 347 1061 381 Ξ
1078 339 1250 402 Vlyffes
1267 345 1330 389 ait
1348 361 1360 392 :

522 403 594 443 ’πὲἷν
607 400 815 456 ἐξαφσῦμην
830 402 1044 445 Meuania.
1065 405 1182 445 πολλὰ
1200 405 1247 455 dl'
1263 404 1398 448 {auiam

522 463 746 518 Aoi‘yxowov.

525 533 716 572 Eximiam
731 531 851 587 accepi
864 534 1076 582 Meneocea,
1091 529 1256 587 plurima
1274 533 1410 575 deindo

525 598 633 635 Sorte
648 592 739 634 tuli.

304 649 541 715 Euripides
557 649 617 696 de
636 647 879 697 Cassandra
898 667 911 698 ε

524 711 721 767 Ε’ξιιᾶρεῧν
737 731 783 754 m
796 709 924 755 ’έλοιζεν
940 712 1188 768 Α’ραμὲμνων
1205 713 1304 765 eluxi,

1877 288 1951 336 489

527 781 605 822 Sibi
622 779 721 822 ham
736 779 901 821 Atrides
915 795 1039 830 mayor
1055 782 1240 821 eximiam
1254 782 1359 823 tulit.

305 838 365 887 de
377 840 430 888 iis
443 856 537 902 quae
555 838 888 885 Athenienlium
907 834 1012 883 duci
1031 837 1332 885 Demosthem
1346 853 1371 886 c
1388 839 1535 903 praeda
1550 841 1741 891 zzniffim
1755 876 1768 890 .
1802 848 1954 908 praeci·

304 904 383 967 pui
396 904 494 963 jure
507 901 616 949 data
629 899 742 958 sunt,
763 900 868 946 vide
880 898 1125 961 Thucydid
1134 915 1205 946 em
1221 899 1340 947 libro
1363 917 1380 946 1
1393 917 1436 948 1.

370 966 594 1018 Fabricius]
619 966 745 1024 cujus
758 963 1016 1026 exemplum
1030 964 1078 1008 &
1101 961 1182 1009 fibi
1195 956 1242 1009 δέ
1257 963 1386 1010 militi
1405 967 1619 1026 proponit
1635 965 1824 1016 Iulianus
1834 970 1954 1031 apud

305 1027 596 1077 Ammianum
609 1026 730 1073 libro
747 1041 888 1072 xx1v‚

375 1097 482 1154 Epiri
497 1092 641 1144 urbes]
679 1088 737 1134 Et
753 1089 947 1135 Athenas
969 1086 1108 1134 Sulla.
1142 1086 1367 1149 Appianus
1380 1086 1716 1139 Mithridatico.

369 1154 581 1207 Lucullus]
619 1150 692 1198 Ab
708 1165 767 1197 eo
789 1150 897 1198 data
914 1150 1166 1214 diripienda
1180 1148 1314 1195 militi
1330 1147 1673 1213 Tigranocerta,
1692 1170 1840 1203 narrat
1855 1155 1954 1205 Plu-

305 1217 504 1264 tarchus.
520 1230 578 1261 ex
594 1213 741 1276 spoliis
759 1212 885 1262 datas
903 1214 1079 1278 fingulis
1095 1226 1308 1278 praeterca
1324 1210 1566 1260 drachmas
1582 1216 1957 1281 offingenras.Se.

305 1295 440 1325 verus
471 1276 781 1338 Ctesiphontis
810 1277 1006 1340 praedam
1021 1273 1236 1323 conceffit
1267 1272 1401 1319 militi
1421 1291 1434 1323 ε
1461 1274 1584 1322 idem
1615 1279 1664 1324 δε
1680 1280 1885 1329 tribunos
1907 1284 1958 1329 &

306 1341 446 1388 duces
459 1339 641 1402 &ipsos
658 1340 824 1386 milites
844 1339 1010 1386 habere
1025 1337 1146 1399 juffit
1159 1353 1251 1400 quae
1264 1351 1345 1395 per
1362 1338 1489 1383 vicos
1513 1338 1803 1405 diripuerant,
1817 1345 1956 1393 AElius

305 1403 567 1467 Spartianus
582 1416 750 1449 narrat.
770 1402 1064 1450 Mahumetes
1081 1401 1134 1449 11
1155 1398 1618 1464 Constantinopoleos
1633 1406 1679 1450 &
1696 1405 1890 1468 praedam
1905 1409 1957 1455 &

305 1467 528 1529 mancipia
542 1464 750 1530 promifit
767 1465 914 1512 militi.

372 1535 492 1586 Cujus
503 1532 750 1591 pro-dosoc‘iio
777 1548 853 1575 non
870 1530 1067 1583 venierit]
1105 1525 1256 1576 Varro
1290 1523 1365 1573 sex
1380 1526 1551 1573 modos
1578 1542 1782 1576 numerat
1799 1532 1957 1594 quibus

307 1591 528 1640 dominus
544 1590 773 1655 legitimus
785 1591 1072 1653 perficiatur:
1092 1590 1363 1636 haereditatis
1375 1589 1493 1649 justae
1511 1588 1773 1648 aditionem,
1790 1596 1959 1641 manci-

305 1656 544 1718 pationem
561 1691 574 1710 ‚
604 1655 651 1700 in
679 1653 778 1711 jure
802 1653 1046 1700 cessionem
1063 1691 1076 1708 ,
1108 1652 1422 1715 usucapionem
1442 1690 1454 1709 ,
1489 1656 1515 1698 ὲ
1531 1653 1679 1716 praeda
1694 1653 1771 1700 sub
1785 1671 1962 1704 corona

305 1716 616 1765 venditionem
638 1753 651 1773 ,
678 1715 729 1761 δε
744 1715 801 1762 ab
816 1717 1023 1763 auctione
1037 1715 1216 1778 publica
1233 1731 1338 1762 cum
1360 1714 1483 1762 bona
1496 1715 1756 1778 cujusquam
1766 1716 1958 1766 sectione

305 1792 517 1830 veneunt.

371 1856 422 1891 Vt
433 1850 500 1905 qui
514 1845 657 1903 segnior
659 1843 712 1903 sit
718 1844 939 1904 prodetur]-
965 1839 1086 1890 Vide
1103 1857 1197 1904 quae
1211 1843 1304 1902 jam
1325 1857 1439 1888 nunc
1455 1857 1513 1888 ex
1531 1841 1763 1904 Procopio
1779 1841 1959 1890 adfere-

306 1921 407 1953 mus
425 1903 482 1951 ad
498 1904 532 1957 §.
548 1915 627 1967 24.

375 1969 569 2029 Apollini]
606 1967 814 2015 meminit
829 1967 879 2012 δί
892 1967 1122 2029 Appianas
1133 1969 1177 2014 in
1195 1968 1433 2031 Excerptis
1449 1967 1720 2014 Peirefianis.

374 2040 418 2076 In
431 2035 605 2076 orarium
615 2034 749 2075 retulit
766 2033 787 2084 ]
826 2029 883 2075 Et
896 2029 1058 2078 Fabius
1068 2033 1304 2095 pecuniam
1319 2031 1507 2077 vendito
1513 2046 1613 2076 rum
1627 2030 1861 2079 hominum
1878 2047 1954 2080 ca·

309 2105 394 2155 pto
410 2090 636 2146 Tarento,
651 2093 756 2137 cum
771 2091 929 2155 praedae
946 2091 1168 2156 reliquum
1186 2092 1402 2140 militibus
1413 2091 1692 2156 dispertiffet.

373 2157 529 2201 subditi
540 2161 608 2216 qui
616 2156 878 2213 sinestIpendt'o
893 2159 945 2211 &a
958 2158 1335 2219 suofhmptufitoque
1342 2160 1503 2218 periculo
1519 2159 1655 2201 bellum
1660 2172 1797 2217 gerunt
1810 2159 1832 2211 ]
1867 2156 1953 2204 Vi·
1971 2163 2099 2218 §.xxx
2109 2169 2129 2202 1
2140 2168 2177 2201 1.

307 2217 369 2265 de
386 2216 667 2264 Cromerum
682 2231 779 2263 x1x
792 2215 1138 2264 Polonicorum.

375 2287 491 2326 Ratio
512 2286 553 2325 in
571 2283 678 2337 sociis
694 2281 745 2339 est
764 2281 956 2334 evidens]
994 2282 1133 2327 utitur
1157 2281 1211 2328 ea
1221 2279 1536 2328 Amalasuntha
1551 2281 1594 2326 in
1609 2280 1797 2340 epistola
1809 2279 1867 2326 ad
1878 2280 1954 2327 Iu-

307 2342 540 2391 stinianum
557 2338 727 2388 Gotth.
744 2354 787 2386 1.

376 2416 480 2469 Spem
496 2423 542 2449 ex
561 2405 722 2460 hostibus
742 2406 914 2448 lucrandi
933 2408 1141 2509 {pestutum
1158 2411 1198 2452 in
1229 2406 1366 2450 damni
1388 2408 1441 2461 ό·
1462 2421 1566 2467 opera
1589 2407 1948 2465 compenshtioncm]

309 2467 430 2518 Vide
447 2465 741 2513 Plutarchum
759 2463 933 2511 Marcel
954 2481 1000 2511 0.

372 2541 434 2577 De
455 2532 570 2589 sociis
598 2528 804 2587 exemplum
816 2530 899 2581 esi]
938 2526 1095 2574 Priscis
1110 2527 1281 2574 Latinis
1308 2529 1460 2575 tertias
1475 2527 1628 2588 praedae
1644 2528 1835 2589 populus
1850 2526 1953 2574 Ro-

307 2608 466 2643 manus
481 2586 895 2653 praestabat.Plinius
910 2588 1030 2636 libro
1046 2603 1269 2647 xxx1x,5.
1290 2588 1380 2635 Pro
1395 2590 1539 2637 modo
1554 2591 1666 2636 miffi
1683 2590 1835 2636 militis
1849 2607 1957 2652 prae-

307 2655 415 2704 darn
432 2654 684 2716 partiuntur
697 2651 799 2711 pagi
818 2649 1173 2702 Helvetici‚teste
1190 2651 1384 2699 Simleto
1403 2670 1414 2700 :
1432 2668 1516 2714 pro
1533 2652 1678 2697 modo
1696 2651 1949 2710 sumptuum

306 2718 463 2780 partiti
485 2712 718 2767 Pontifex,
736 2712 1007 2773 imperator,
1024 2714 1203 2770 Veneti,
1222 2713 1344 2760 bello
1360 2727 1520 2761 contra
1536 2713 1754 2760 Turcam.
1788 2713 1947 2765 Parura

307 2795 366 2831 VI
378 2795 398 2826 1
409 2795 449 2825 1.
477 2776 758 2836 Pomponius
786 2775 1050 2824 Armeniam
1065 2779 1290 2824 minorem
1310 2775 1538 2837 Dejotaro
1553 2776 1736 2823 Galatiae
1747 2779 1841 2839 regi
1858 2777 1947 2822 do-

308 2843 450 2896 navit,
467 2841 572 2903 quia
585 2838 729 2886 socius
746 2836 851 2883 belli
868 2836 1169 2886 Mithridatici
1186 2839 1348 2885 suerat.

376 2909 443 2949 His
468 2908 537 2962 qui
563 2909 604 2947 in
626 2903 819 2960 procinc‘iu
835 2904 1033 2961 fuerant]
1070 2901 1119 2948 Pi
1125 2902 1223 2948 fidae
1238 2913 1414 2965 partem
1430 2899 1584 2962 praedae
1600 2898 1766 2946 dabant
1781 2899 1847 2946 his
1872 2900 1948 2954 qui

308 2963 482 3012 domos
495 2961 742 3009 servarant·
783 2959 1174 3025 Chalcocondylas
1187 2963 1269 3010 lib.
1285 2978 1333 3008 v.

372 3035 509 3072 Praeter
519 3031 611 3085 regis
625 3027 941 3079 tabernaculum]
977 3026 1095 3073 Vide
1109 3029 1157 3074 &
1176 3024 1435 3073 Diodorum
1449 3023 1566 3070 libro
1583 3038 1640 3069 VI
1664 3060 1675 3077 ‚
1704 3025 1754 3070 &
1772 3023 1945 3070 Plutar-

307 3087 445 3134 chum
458 3084 736 3132 Alexandm.
770 3084 943 3133 Similia
960 3088 1064 3136 vide
1078 3089 1198 3152 apud
1211 3087 1569 3145 Xenophontem
1588 3101 1610 3133 1
1623 3102 1641 3130 ι
1663 3085 1722 3131 de
1735 3084 1880 3148 Cyro,
1899 3087 1949 3131 &

308 3148 416 3197 belli
430 3147 492 3195 sui
512 3163 586 3202 ιν,
604 3149 653 3193 &
671 3161 783 3193 vn.

379 3221 437 3256 Ex
452 3212 649 3270 Procopio]
668 3211 706 3256 is
719 3207 1070 3256 Vandalicorum
1091 3225 1111 3256 1
1121 3226 1145 3258 1
1165 3223 1316 3258 narrat
1331 3209 1567 3257 Salomoni
1586 3210 1630 3255 in
1646 3208 1838 3257 Levatas
1849 3208 1949 3255 bel-

308 3272 404 3320 lum
416 3272 592 3337 gerenti
605 3270 801 3319 infensos
812 3269 937 3319 fuisse
951 3274 1128 3330 milites,
1150 3271 1277 3334 quod
1293 3273 1484 3335 praedam
1501 3272 1734 3321 detineret.
1749 3272 1948 3321 Dicebat

1143 3334 1238 3385 Hh
1274 3347 1299 3396 ς
1841 3329 1949 3380 idse

1971 1113 2178 1166 §.xvni-

1973 1993 2119 2046 §.mn
