2475 3854
679 257 1639 304 Acrncxs,trss.11.
1891 256 1966 306 369

222 360 226 362 ,
295 324 503 382 agrestium
510 326 766 384 populationis
779 329 859 385 ejus
868 341 946 387 qua
958 325 1027 382 fibi
1036 328 1195 369 crimini
1212 325 1328 368 detur
1342 332 1491 369 comites
1506 346 1517 366 .-
1534 325 1678 381 Eosseu
1693 322 1785 367 dedi
1790 324 1958 381 placeat,

285 387 427 431 dedere
433 388 478 444 ft
483 402 640 446 paratos
659 389 737 446 effi,
745 389 816 445 sim
820 389 1002 447 supplicio
1019 385 1131 442 affici,
1151 387 1311 431 daturos
1323 401 1468 446 peenas.
1503 384 1554 431 In
1570 383 1746 430 foedere
1761 382 1962 430 Cartha-

283 446 549 508 giniensmm
561 447 610 492 δέ
622 446 938 494 Romanorum
949 445 1162 502 secundo,
1180 447 1307 511 quod
1325 448 1439 508 apud
1459 447 1719 506 Polybium,
1741 446 1879 492 exstat
1892 446 1964 491 lo-

284 523 367 555 cus
378 510 498 555 male
512 509 652 574 vulgo
670 511 717 556 δε
728 509 954 557 distinctus
971 512 1020 556 &
1035 509 1186 555 versus
1202 526 1214 558 :
1242 509 1302 564 ‘³⁶⁴9'
1316 510 1386 564 μὲι,
1402 508 1484 569 ἰδῖᾳ
1498 508 1794 566 μεῖοιπυξευέιθω
1811 538 1822 554 ,
1846 510 1903 549 ’ἐὰν
1920 502 1964 549 a}

283 587 336 615 ms
350 571 433 618 τὲῧ
449 573 594 627 πταίσῃ,
608 567 774 628 &radam
790 572 931 624 widh·
946 573 989 613 τὸ
1003 568 1196 625 &ainwa
1214 578 1268 617 Ni
1283 573 1406 626 idfiat
1438 572 1454 630 (
1469 571 1577 634 quid
1602 569 1649 615 id
1669 570 1720 615 iit
1733 572 1960 615 incertum

286 629 373 677 est:
389 647 494 678 nam
510 636 606 694 quae'
621 633 881 696 praecedunt
895 634 1184 693 suntmutila)
1194 639 1390 694 privatim
1406 636 1752 696 quisqttejusfimm
1764 636 1960 693 pwfiqui-

285 709 362 739 tor.
386 697 434 739 Id
450 697 516 740 ubi
523 699 663 756 fecerit
699 705 715 756 <
731 698 945 743 nimirum
962 699 1006 743 ni
1018 700 1087 758 jus
1104 695 1321 743 reddatur
1337 697 1562 754 >publicum
1586 698 1763 739 delielum
1780 696 1954 741 habetor.

286 752 517 802 AEschines
529 758 576 802 in
590 758 805 822 responso
823 758 1037 808 adversus
1069 758 1399 806 accusationem
1426 756 1747 805 Demosthenis
1765 754 1823 801 de
1842 755 1961 801 male

286 816 419 865 obita
430 818 676 882 legatione,
688 837 841 869 narrat
856 821 916 878 se,
929 837 1038 869 cum
1054 821 1173 884 apud
1193 820 1447 883 Philippum
1476 818 1784 868 Macedonem
1802 832 1959 881 ageret

284 878 348 927 de
361 896 472 945 pace
501 881 681 931 Graeciae
695 922 708 942 ,
731 884 889 932 dixiffe
903 887 1018 932 inter
1050 885 1134 931 alia
1154 923 1165 941 ‚
1190 900 1377 946 -aequum
1404 883 1489 930 effe
1519 898 1568 931 ut
1602 898 1754 944 poenas
1784 880 1960 927 luerent

284 942 627 991 commissorum
644 948 885 994 criminum
897 964 987 994 non
1002 948 1211 994 civitates
1231 984 1240 1002 ,
1255 945 1331 992 sed
1346 949 1420 1009 qui
1436 947 1682 1010 peccassent
1696 962 1707 993 :
1726 959 1806 990 nec
1834 944 1962 1005 quic-

284 1023 424 1068 quam
437 1008 696 1056 nocendum
712 1009 971 1058 civitatibus
988 1026 1083 1072 quae
1098 1008 1329 1057 accusatos
1343 1009 1517 1071 judicio
1536 1010 1745 1057 sisterent.
1782 1007 1962 1070 Qinti-

284 1069 429 1118 lianus
442 1068 775 1119 declamatione
803 1089 828 1119 c
842 1089 867 1119 c
885 1089 913 1119 L
927 1090 956 1121 v
972 1089 985 1121 ξ
1020 1079 1210 1120 Proximos
1225 1076 1386 1129 existimo
1401 1093 1456 1120 eos
1468 1079 1679 1136 transfugia
1707 1075 1737 1106 *
1779 1072 1805 1114 ἃ
1820 1072 1962 1131 quibus

284 1138 494 1196 transfugae
508 1140 753 1196 recipiuntur.
779 1135 903 1182 Inter
928 1134 1046 1183 mala
1062 1151 1157 1198 quae
1175 1151 1234 1182 ex
1249 1133 1489 1182 discordiis
1520 1137 1755 1182 civitatum
1773 1132 1958 1178 nascun-

284 1211 362 1242 tur
380 1197 539 1241 &hoc
551 1199 680 1258 ponit
700 1198 829 1245 Dion
852 1195 1204 1261 Chrysostomus
1235 1198 1444 1244 oratione
1460 1197 1517 1244 ad
1550 1193 1925 1244 Nicomedienses
1942 1208 1958 1241 ε

285 1256 334 1301 ἕςι
349 1260 420 1304 πῖς
431 1258 631 1303 &diximum
646 1256 707 1304 viu
724 1259 849 1317 {vieyr
864 1263 956 1313 ’πςὸς
969 1261 1029 1308 τήν
1045 1258 1420 1317 ἑτέρφν-καιῷιφυνγὲιν
1439 1277 1449 1301 :
1474 1267 1579 1306 Licet
1606 1266 1667 1307 his
1699 1265 1768 1322 qui
1790 1263 1958 1304 alteram

286 1327 433 1383 injuria
448 1324 654 1382 affecerunt
667 1328 722 1370 ad
736 1330 900 1372 alteram
917 1325 1220 1389 confugere.Hic
1232 1324 1292 1370 de
1313 1322 1481 1370 deditis
1495 1323 1693 1370 occurrit
1705 1320 1883 1384 quaestio
1902 1335 1956 1365 an
1977 1332 2012 1364 L.
2020 1330 2136 1368 ult.D.
2154 1329 2197 1365 de

288 1384 321 1432 fi
337 1388 364 1431 a
380 1383 454 1431 sua
469 1385 656 1432 civitate
669 1385 831 1444 dediti,
855 1403 935 1434 nec
955 1389 1122 1451 recepti
1141 1387 1223 1434 fint
1241 1387 1298 1433 ab
1314 1386 1409 1434 aliis
1425 1425 1435 1442 ,
1452 1387 1573 1436 cives
1585 1399 1810 1433 maneant.
1842 1380 1956 1428 Non
1974 1379 2075 1426 tegat.

287 1462 473 1494 manere
486 1446 694 1497 censebat
709 1449 824 1498 Pub.
840 1452 1015 1500 Mutius
1028 1450 1246 1505 Scaevola,
1264 1450 1367 1512 quia
1384 1463 1519 1512 quem
1538 1449 1732 1512 populus
1759 1443 1960 1492 dedidis-

288 1510 373 1563 set,
390 1509 605 1573 expulisse
619 1526 678 1559 ex
690 1514 876 1561 civitate
889 1516 963 1561 sua
978 1513 1223 1569 videretur,
1243 1512 1350 1558 sicut
1368 1507 1540 1559 faceret
1555 1528 1659 1559 cum
1678 1526 1793 1573 aqua
1807 1508 1958 1572 &igni

288 1572 597 1625 interdiceret.
616 1573 915 1624 Contrariam
945 1576 1209 1624 sententiam
1227 1573 1435 1621 defendit
1454 1576 1617 1623 Brutus
1632 1615 1642 1629 ,
1665 1575 1714 1619 &
1740 1571 1836 1635 post
1854 1586 1958 1616 eum
1978 1580 2057 1621 ω,
2073 1578 2114 1613 (θ’
2134 1586 2189 1615 ¹¹·

292 1634 494 1684 Cicero:
528 1653 623 1700 quae
640 1639 689 1685 δε
708 1640 862 1687 verior
876 1640 938 1687 est
956 1678 968 1698 ‚
987 1656 1079 1687 non
1091 1654 1242 1687 tamen
1258 1639 1443 1701 proprie
1476 1639 1540 1684 ob
1565 1638 1612 1683 id
1645 1646 1958 1699 argumentum
1978 1628 2175 1707 2⁰23&

291 1698 418 1762 quod
435 1696 608 1747 Cicero
624 1699 768 1759 affert,
787 1701 891 1766 quia
906 1717 954 1751 ut
966 1702 1161 1750 donatio
1190 1705 1252 1749 ita
1285 1700 1462 1748 deditio
1488 1702 1575 1748 fine
1593 1698 1854 1761 acceptione
1872 1711 1961 1741 non
1977 1682 2106 1756 wsm-
2146 1695 2158 1709 '

289 1761 430 1827 poffit
444 1763 777 1827 intelligi.Nam
796 1766 918 1813 actus
931 1764 1194 1814 donationis
1210 1763 1535 1829 perfestionem
1553 1779 1642 1809 non
1664 1760 1798 1806 habet
1810 1758 1886 1805 nisi
1905 1773 1964 1804 ex

289 1824 490 1872 duorum
502 1827 724 1874 conlensu.
743 1828 804 1875 At
816 1829 989 1876 dedere
1006 1829 1067 1876 de
1084 1845 1178 1891 quo
1195 1829 1269 1877 hic
1285 1828 1461 1891 agimus
1479 1827 1591 1873 nihil
1607 1824 1670 1872 est
1689 1822 1808 1871 aliud
1829 1836 1966 1884 quam

289 1890 441 1937 civem
458 1888 639 1937 alterius
657 1891 814 1953 populi
827 1892 1039 1957 potestati
1058 1893 1339 1957 permittere,
1358 1891 1424 1937 ita
1440 1905 1490 1937 ut
1506 1888 1566 1935 de
1584 1904 1641 1934 eo
1660 1887 1821 1934 statuat
1836 1882 1965 1945 quod

293 1952 507 2000 voluerit.
521 1951 631 2001 Haec
647 1968 799 2001 autem
816 1953 1067 2019 permiffio,
1086 1956 1158 2015 jus
1177 1954 1347 2001 nullum
1366 1953 1461 2009 dat,
1481 1967 1555 1999 aut
1573 1951 1732 1998 adimit
1748 1970 1763 2007 3
1781 1948 1967 1994 exsecu-

291 2015 430 2063 tionis
441 2029 621 2064 tantum
638 2018 1019 2079 impedimentum
1031 2018 1174 2066 tollit.
1203 2020 1358 2082 Qre
1374 2017 1404 2064 s1
1421 2017 1533 2063 alter
1549 2014 1741 2077 populus
1758 2009 1964 2058 concesso

291 2080 391 2140 jure
406 2092 499 2124 non
515 2093 680 2131 utatur,
697 2083 836 2129 eritis
852 2083 927 2144 qui
946 2081 1129 2129 deditus
1143 2081 1204 2127 est
1223 2097 1281 2128 eo
1309 2080 1417 2127 loco
1435 2095 1485 2127 ut
1498 2084 1524 2126 a
1543 2080 1620 2126 suo
1640 2075 1810 2140 populo
1828 2072 1964 2144 possit

293 2141 439 2205 puniri
464 2141 481 2200 <
499 2142 625 2203 quod
643 2144 687 2190 in
705 2143 883 2192 Clodio
902 2143 1059 2192 Corfis
1076 2143 1239 2191 dedito
1256 2182 1267 2201 ‚
1287 2159 1369 2190 nec
1400 2140 1456 2189 ab
1490 2143 1543 2190 iis
1560 2154 1749 2203 accepto
1777 2138 1961 2194 evenit)
1985 2141 2048 2175 Val-
2062 2138 2121 2175 lib«
2137 2145 2200 2185 v¹2

294 2219 372 2252 aut
389 2218 480 2250 non
498 2207 658 2266 puniri,
678 2222 729 2253 ut
743 2208 886 2255 multa
902 2206 999 2255 sunt
1015 2207 1177 2255 delista
1201 2209 1247 2254 in
1263 2206 1424 2268 quibus
1439 2206 1661 2253 utrumvis
1689 2202 1783 2248 fieri
1802 2197 1964 2262 potest.
1985 2202 2014 2223 ⁶·
2035 2199 2067 2230 3-

294 2267 369 2315 Ius
380 2280 530 2314 autem
544 2270 761 2326 civitatis,
777 2283 828 2318 ut
846 2272 895 2317 δε
910 2272 1010 2331 jura
1025 2272 1074 2318 &
1092 2269 1215 2318 bona
1234 2270 1333 2327 alia,
1351 2285 1443 2315 non
1462 2269 1689 2315 amittitur
1703 2264 1802 2325 ipso
1824 2261 1965 2328 faeie³

295 2329 372 2377 sed
386 2328 576 2377 decreto
609 2333 761 2396 aliquo
795 2347 870 2380 aut
887 2333 1059 2394 judIcio
1075 2371 1086 2389 ‚
1107 2333 1185 2380 nisi
1215 2335 1290 2380 lex
1326 2332 1474 2394 aliqua
1500 2329 1669 2377 fastum
1688 2326 1795 2373 velit
1814 2324 1968 2370 haberi

295 2408 381 2458 pro
396 2408 444 2439 re
457 2393 676 2453 judicata,
697 2395 826 2458 quod
844 2397 917 2442 hic
932 2396 1022 2443 dici
1039 2411 1129 2443 non
1142 2394 1305 2457 potest.
1318 2395 1430 2443 Hoc
1441 2393 1633 2456 denique
1647 2388 1794 2436 modo
1818 2389 1865 2432 δε
1881 2387 1968 2455 po-

297 2472 355 2503 na
370 2455 401 2503 fi
415 2454 572 2504 dedita
588 2474 669 2505 nec
686 2472 871 2522 accepta
886 2458 984 2513 flur,
1006 2461 1254 2506 manebunt
1272 2460 1399 2518 cujus
1431 2455 1628 2502 fuerant.
1660 2453 1720 2499 At
1738 2451 1765 2496 fi
1788 2450 1967 2519 deditio

297 2533 483 2582 accepta
496 2518 564 2576 fit,
579 2522 627 2567 &
640 2521 793 2582 postea
807 2521 907 2569 casn
923 2521 1078 2584 aliquo
1093 2521 1296 2575 reversus
1312 2522 1361 2568 fit
1378 2523 1417 2567 is
1437 2520 1514 2581 qui
1532 2516 1679 2564 fuerat
1698 2512 1878 2560 deditus
1899 2550 1909 2567 ,
1930 2526 1965 2555 is

298 2583 410 2631 civis
432 2597 523 2628 non
549 2584 639 2629 erit
662 2621 674 2641 ‚
698 2583 777 2630 nifi
805 2599 864 2632 ex
895 2599 1022 2630 novo
1047 2583 1267 2631 beneficio
1288 2599 1300 2632 :
1327 2598 1420 2647 quo
1439 2580 1561 2628 sensu
1580 2593 1738 2628 verum
1755 2576 1814 2620 est
1832 2572 1957 2641 quod
2159 2629 2168 2637 ι

299 2644 589 2693 Modestinus
607 2645 667 2692 de
684 2646 847 2694 dedito
864 2644 1111 2710 respondit.
1149 2648 1261 2711 Qae
1277 2660 1428 2693 autem
1446 2644 1642 2690 diximus
1675 2640 1732 2686 de
1762 2651 1965 2706 ηυρειηιῇ
1988 2633 2028 2709 fo·
2041 2633 2203 2710 {⁶532}OE

300 2707 385 2755 bus
402 2706 626 2755 dedendis
637 2723 714 2756 aut
730 2709 966 2773 puniendis
985 2748 995 2765 ,
1013 2725 1106 2756 non
1119 2722 1296 2756 tantum
1308 2708 1363 2755 ad
1383 2723 1462 2753 eos
1475 2707 1698 2770 pertinent
1713 2716 1786 2762 qui
1804 2699 1963 2768 subditi
1986 2701 2048 2761 ms.
2135 2686 2156 2722 Ρ

298 2771 475 2833 semper
489 2769 671 2819 fuerunt
681 2774 777 2834 ejus
789 2773 910 2836 apud
923 2785 1060 2835 quem
1093 2789 1208 2820 nunc
1225 2772 1536 2835 reperiuntur,
1570 2778 1727 2814 verum
1761 2758 1968 2808 etiamad

298 2849 383 2881 eos
395 2836 470 2895 qui
487 2834 586 2896 post
601 2836 772 2882 crimen
789 2833 1077 2883 commiffum
1090 2835 1242 2897 aliquo
1259 2831 1576 2896 confugerunt.

364 2895 421 2943 V.
457 2896 627 2958 Neque
642 2895 818 2945 obstant
832 2896 909 2945 illa
926 2896 1043 2944 adeo
1058 2899 1296 2961 praedicata
1323 2898 1349 2926 *
1368 2893 1610 2958 supplicum
1644 2891 1740 2959 jura
1759 2890 1806 2933 &
1819 2885 1968 2947 asylo-

300 2975 402 3007 rum
418 2959 645 3020 exempla.
674 2959 783 3007 Haec
800 2961 920 3007 enim
937 2960 1022 3006 illis
1050 2958 1239 3021 prosunt
1260 2959 1335 3020 qui
1346 2957 1579 3004 immerito
1610 2951 1722 3021 odi-o
1740 2950 1964 3018 laborant,

301 3038 393 3069 non
411 3024 485 3083 qui
497 3021 822 3070 commiserunt
836 3021 964 3086 quod
981 3021 1186 3069 societati
1206 3025 1407 3067 humanae
1436 3032 1510 3063 aut
1529 3013 1785 3063 hominibus
1802 3011 1896 3080 ains
1917 3017 1966 3054 iit
2019 3076 2023 3081 Ι

299 3084 578 3145 injuriosum.
589 3085 808 3148 Gylippus
827 3085 952 3133 Laco
971 3085 1090 3148 apud
1109 3083 1376 3132 Diodorum
1406 3078 1605 3125 Siculum
1639 3091 1774 3137 agens
1798 3074 1856 3118 de
1886 3073 1964 3117 illo
1988 3073 2059 3154 1er-
2075 3080 2166 3109 xux

302 3147 548 3210 supplicum
564 3149 661 3208 jure
679 3150 737 3195 sic
752 3148 815 3195 ait
831 3164 843 3196 τ
859 3154 928 3211 qui
943 3154 1055 3194 initio
1062 3154 1159 3209 jura
1181 3149 1253 3205 ista
1268 3146 1580 3196 introduxerunt,
1600 3141 1802 3199 infelicibus
1813 3139 1970 3207 quidem
2009 3135 2018 3155 ‘
2057 3144 2067 3154 “

303 3213 618 3270 misericordiam,
636 3228 678 3257 at
695 3216 754 3257 his
770 3217 837 3272 qui
854 3210 958 3257 malo
973 3215 1101 3255 animo
1117 3209 1302 3264 injuriam
1319 3208 1534 3251 intulerunt
1554 3240 1565 3257 ,
1581 3217 1730 3263 poenam
1764 3203 1974 3272 exj'pec‘i‘an-

305 3277 405 3322 dam
418 3277 635 3322 voluerum.
673 3272 861 3322 Postea:
898 3279 953 3322 Hi
967 3291 1060 3319 vero
1070 3272 1112 3333 st
1121 3273 1206 3320 dolo
1234 3270 1370 3376 mala,
1393 3268 1432 3327 fi
1450 3268 1589 3325 injusta
1618 3267 1736 3310 alieni
1766 3264 1975 3335 czapquttate

566 3355 570 3358 ·
1370 3343 1396 3375 a
1844 3343 1885 3370 ln
1894 3340 1976 3369 ma⁴
