2380 3917
109 429 299 467 Libani.

98 2005 163 2037 Pol.
181 2012 258 2047 1¹1,

97 2060 182 2086 XIV·

95 2121 167 2157 Lib.
187 2130 220 2158 ι.

338 352 386 397 58
729 349 1632 395 DssxvassnEttr

337 413 811 479 *Carthaginiensium
828 429 983 477 regem
1001 415 1120 461 dixit
1136 413 1397 463 SolinusAEt
1413 417 1472 464 de
1485 415 1636 480 Scepfi
1652 419 1696 466 in
1706 417 1900 470 Troade
1917 437 2019 470 nar-

339 495 409 526 rat
428 479 593 526 Strabo
623 493 727 524 cum
744 475 962 536 adjunffis
996 479 1040 523 in
1078 479 1311 524 civitatem
1338 479 1525 526 Milesiis
1543 496 1607 543 po
1641 481 1753 529 ulari
1785 483 2018 547 republica

339 544 403 589 uti
425 541 603 604 cepisset
622 579 633 595 ,
654 553 861 586 veterum
879 554 1038 604 regum
1056 539 1246 602 posteris
1274 556 1442 587 nomen
1458 542 1613 590 mansii
1634 561 1659 590 e
1675 545 1849 608 regium
1867 547 2020 594 &ho-

340 608 462 650 nori-3
487 602 701 649 nonnihil.
719 600 899 649 Contra
917 602 1118 649 Romani
1135 603 1457 666 ImperatoreS,
1476 604 1718 668 postquam
1735 607 1883 670 palam
1898 611 1947 655 &
1961 609 2016 656 si·-

339 684 395 713 ne
415 667 501 713 ulla
519 664 873 711 dissimulatione
905 681 1097 737 regnum
1114 665 1394 713 liberrimum
1415 682 1653 715 tenuerunt
1671 706 1682 724 ,
1703 671 1928 735 principes
1946 687 2016 719 ta-

338 745 441 776 men
459 727 750 774 vocabantur.
785 724 878 774 Sed
895 728 1143 794 &insignia
1160 730 1290 793 regia:
1307 728 1549 789 majestatis
1584 732 1626 776 in
1657 729 1808 779 liberis
1830 733 2011 797 quibus-

336 793 443 838 dam
478 789 735 837 civitatibus
760 789 897 837 tribui
930 791 1210 856 principibus
1242 790 1401 838 solent.
1435 791 1531 838 Iam
1551 807 1663 840 vero
1681 796 1870 844 comitia
1890 796 2015 844 ordi-

337 871 459 910 num,
480 853 527 900 id
546 853 606 899 est
620 868 874 901 conventus
891 869 1055 902 eorum
1073 855 1149 918 qui
1170 856 1390 917 populum
1407 856 1451 902 in
1466 854 1620 904 claffes
1634 854 1924 907 distributum
1939 875 2013 908 re-

335 917 500 972 ferunt,
525 917 751 972 nimirum,
772 931 820 963 ut
839 917 1101 965 Guntherus
1119 916 1339 980 loquitur,

512 984 678 1035 Palati,
693 995 859 1041 proceres
877 982 1064 1044 mtffisque
1076 983 1413 1042 potentibzosnrbes
1430 1003 1443 1026 :

334 1039 437 1087 alibi
456 1041 643 1103 quidem
674 1043 721 1088 in
752 1042 844 1088 hoc
878 1041 1075 1091 serviunt
1105 1042 1327 1089 duntaxat
1346 1080 1358 1098 ‚
1388 1057 1439 1089 ut
1455 1041 1537 1091 fint
1555 1045 1707 1105 majus
1723 1047 1843 1112 regis
1859 1047 2007 1095 confi-

330 1103 458 1159 lium,
478 1120 558 1166 per
573 1104 701 1167 quod
720 1104 908 1167 querela>
923 1105 1096 1170 populi,
1111 1121 1203 1168 quae
1217 1103 1322 1168 saepe
1339 1106 1384 1153 in
1401 1106 1663 1154 consistorio
1677 1111 2010 1167 reticentur,ad

332 1169 450 1238 regis
471 1183 598 1215 autes
616 1169 879 1231 perveniant
895 1189 910 1227 3
926 1171 999 1216 cui
1022 1167 1189 1215 deinde
1206 1167 1399 1215 liberum
1426 1168 1481 1216 fit
1501 1169 1693 1218 statuere
1707 1172 1834 1235 quod
1853 1189 1912 1220 ex
1927 1172 2007 1222 usu

330 1231 405 1291 ipli
425 1231 655 1279 videatur.
687 1229 791 1278 alibi
808 1233 950 1279 etiam
967 1236 1035 1291 jus
1051 1230 1216 1278 habent
1232 1231 1291 1277 de
1308 1230 1415 1278 ac'tis
1443 1235 1654 1297 principis
1669 1234 1998 1293 cognoscendi,

329 1307 465 1357 atque
479 1297 621 1342 etiam
636 1296 759 1359 leges
775 1293 1086 1360 praescribendi
1102 1293 1260 1357 quibus
1275 1295 1427 1357 prince
1460 1311 1480 1342 s
1496 1311 1716 1344 teneatur.
1730 1285 1858 1346 ‘Sunt
1873 1297 2007 1347 multi

330 1361 404 1419 qui
419 1356 674 1405 existimant
692 1357 930 1404 discrimen
945 1357 1104 1404 summi
1120 1359 1312 1420 imperii,
1332 1373 1410 1405 aut
1444 1374 1605 1407 ummo
1622 1362 1826 1419 minoris,
1846 1377 2009 1426 peten-

329 1422 440 1467 dum
465 1434 523 1467 ex
556 1421 786 1468 delatione
804 1422 983 1484 imperii
1010 1436 1092 1484 per
1108 1420 1373 1470 eleffionem
1391 1437 1470 1469 aut
1501 1420 1843 1472 successionem.
1875 1424 2007 1474 Nam

331 1501 426 1548 quae
441 1484 531 1530 hoc
549 1482 696 1531 modo
713 1483 980 1532 deferuntur
991 1485 1199 1547 imperia,
1216 1499 1270 1530 ea
1286 1483 1460 1534 summa
1475 1483 1562 1532 effe
1575 1487 1855 1535 contendunt
1873 1524 1886 1546 ,
1900 1504 1998 1536 non

330 1550 442 1596 item
461 1563 555 1609 quae
572 1547 668 1594 illo.
706 1547 768 1594 At
787 1549 878 1594 haec
903 1547 1141 1595 universim
1158 1562 1267 1595 vera
1283 1564 1370 1594 non
1394 1548 1480 1595 effe
1495 1563 1581 1612 pro
1597 1563 1729 1597 certo
1746 1549 1902 1598 haberi
1922 1550 2007 1599 de-

330 1610 426 1658 bet.
461 1610 587 1659 Nam
605 1609 819 1658 successio
836 1626 926 1657 non
944 1610 1006 1657 est
1023 1610 1184 1658 titulus
1202 1611 1395 1674 imperii,
1448 1612 1492 1657 ui
1508 1612 1703 1676 imperio
1721 1611 1922 1660 formam
1941 1612 2004 1661 as-

331 1672 472 1738 signet
487 1711 497 1729 ,
522 1673 599 1721 sed
631 1674 797 1720 veteris
826 1675 1128 1720 continuatio.
1152 1674 1227 1722 Ius
1244 1675 1365 1721 enim
1399 1689 1425 1720 a
1473 1673 1693 1722 eleffione
1708 1674 1888 1724 familiae
1905 1692 2003 1724 coe-

366 1753 461 1785 tum
497 1736 780 1785 succedendo
812 1738 1131 1795 continuatur3
1163 1751 1301 1799 quare
1327 1752 1545 1799 quantum
1571 1738 1720 1800 prima
1738 1738 1903 1787 electio
1919 1741 2006 1787 tri·

331 1754 427 1849 buit
450 1839 458 1858 ‚
479 1815 657 1847 tantum
674 1798 824 1846 defert
850 1798 1076 1847 succeffiO.
1128 1799 1265 1862 Apud
1282 1798 1486 1847 Lacones
1504 1815 1692 1870 regnum
1724 1801 1782 1849 acl
1796 1802 2002 1850 haeredes

333 1862 547 1912 transibat
561 1864 697 1909 etiam
712 1861 812 1926 post
825 1862 1037 1927 Ephoros
1055 1861 1399 1909 constitutos.Et
1416 1861 1474 1908 de
1487 1863 1567 1910 tali
1582 1879 1720 1925 regno
1737 1863 1784 1911 id
1802 1865 1864 1912 est
1880 1866 2004 1929 prin-

331 1930 485 1989 cipatu
506 1925 568 1973 est
583 1925 702 1988 apud
713 1925 1000 1974 Aristotelem
1017 1942 1029 1974 ε
1065 1924 1184 1967 enirm
1216 1927 1284 1967 ’τόν
1314 1926 1503 1989 βασιλᾷῦν
1531 1925 1571 1982 αἱ
1583 1921 1647 1980 A&
1673 1929 1725 1982 ’ᾧ
1751 1922 1873 1982 22⁴1&
1898 1928 2001 1979 'wh-

334 1990 374 2044 αξ
389 1990 409 2045 5
428 1987 588 2043 αἰριταᾷῑ
615 1993 1101 2053 quaedamsanguinisjure
1113 2024 1124 2039 ‚
1142 1992 1318 2050 quaedam
1349 1993 1528 2035 clemona
1558 1993 1784 2048 deferuntur
1804 2015 1817 2038 :
1832 1991 1882 2037 &
1899 1990 2001 2038 He-

334 2056 471 2101 roicis
488 2050 770 2115 temporibus
788 2051 812 2078 *
833 2051 1043 2115 pleraque
1057 2053 1101 2098 iii
1119 2051 1291 2099 Graecia
1307 2066 1443 2117 regna
1480 2050 1586 2099 talia
1601 2049 1726 2100 fuiffe
1743 2052 1897 2116 &ipse
1913 2069 2001 2101 no-

332 2132 415 2170 tat,
435 2118 482 2163 δε
499 2114 815 2177 Thucydides.
829 2113 1008 2162 Contra
1025 2114 1287 2161 Romanum
1302 2114 1541 2178 imperium
1555 2115 1692 2164 etiam
1710 2113 1878 2166 sublata
1895 2132 2002 2164 om·-

330 2183 373 2228 ni
390 2180 562 2228 senatus
575 2180 623 2225 &
639 2179 794 2243 populi
809 2177 1032 2241 potestate
1045 2192 1123 2241 per
1139 2175 1410 2224 eled'tionern
1423 2175 1760 2225 conferebatur.

393 2242 443 2291 X
460 2243 496 2291 Ι.
531 2241 685 2289 Altera
703 2243 854 2288 cautio
873 2241 964 2289 haec
981 2240 1092 2291 esto.
1107 2244 1132 2271 *
1159 2239 1296 2287 Aliud
1316 2239 1400 2288 esse
1416 2240 1474 2288 de
1496 2255 1545 2286 re
1561 2256 1756 2302 quaerere
1776 2278 1786 2296 ‚
1804 2239 1925 2287 aliud
1939 2238 2000 2287 de

327 2307 478 2354 modo
500 2302 711 2360 habendi,
760 2303 852 2350 uod
871 2321 963 2351 non
977 2305 1023 2351 in
1041 2302 1356 2366 corporalibus
1372 2302 1645 2360 tantmn‚led
1661 2305 1708 2351 &
1723 2305 1767 2351 in
1785 2305 2000 2367 incorpo-

327 2369 491 2416 ralibus
508 2368 733 2432 procedit.
791 2382 810 2414 t
827 2368 949 2414 enim
967 2383 1041 2413 res
1057 2366 1116 2414 est
1125 2381 1247 2430 ager,
1266 2367 1332 2413 ita
1347 2368 1397 2412 &
1412 2368 1512 2423 iter,
1533 2366 1668 2422 astus,
1689 2368 1777 2416 via.
1795 2365 1888 2413 Sed
1907 2367 1998 2415 haec

326 2435 399 2479 alii
421 2433 589 2479 habent
607 2433 705 2492 jure
724 2430 858 2493 pleno
874 2431 1172 2493 proprietatis
1189 2468 1199 2484 ,
1220 2429 1292 2475 alii
1309 2431 1405 2488 jure
1420 2428 1747 2478 usufructuario
1766 2468 1778 2485 ,
1794 2430 1866 2476 alii
1885 2431 1983 2479 iure

328 2496 633 2557 temporario.
663 2495 727 2540 ita
753 2493 975 2540 summum
1003 2494 1245 2557 imperium
1294 2491 1508 2539 Diftator
1535 2491 1769 2540 Romanus
1797 2491 1996 2540 habebat

327 2559 352 2583 ²⁸
368 2560 465 2618 jure
482 2557 795 2619 temporario:
815 2571 945 2621 reges
961 2555 1154 2618 denique
1167 2568 1262 2601 tam
1278 2556 1352 2617 qui
1365 2556 1499 2618 primi
1514 2555 1752 2619 eliguntur,
1768 2571 1902 2619 quam
1920 2555 1994 2619 qui

326 2622 476 2668 eleelis
491 2622 700 2682 legitimo
719 2619 882 2665 ordine
895 2618 1134 2666 succedunt
1153 2657 1164 2675 ,
1177 2618 1277 2677 jure
1288 2616 1616 2666 usufrustuario
1635 2633 1706 2665 :at
1723 2617 1906 2681 quidam
1923 2633 1996 2664 re-

326 2701 404 2751 ges
436 2673 570 2748 pleno
603 2688 698 2743 jure
729 2683 1020 2744 proprietatis
1034 2719 1046 2737 ,
1072 2696 1121 2728 ut
1138 2682 1213 2744 qui
1230 2680 1343 2739 justo
1361 2679 1485 2727 bello
1507 2683 1744 2744 imperium
1774 2681 1988 2744 quaesive-

326 2763 445 2799 runt,
466 2746 597 2793 autin
617 2761 812 2806 quorum
827 2744 1049 2792 ditionem
1069 2743 1262 2807 populus
1280 2744 1462 2805 aliquis,
1480 2745 1668 2805 majoris
1683 2744 1791 2790 mali
1819 2743 1995 2791 vitandi

328 2809 471 2859 causa,
488 2811 551 2855 ita
569 2808 608 2854 se
624 2807 803 2855 dedidit
826 2846 837 2860 ‚
857 2821 906 2853 ut
924 2807 1031 2853 nihil
1048 2809 1346 2870 exciperetur.
1377 2805 1544 2870 Neque
1561 2808 1677 2853 enim
1694 2807 1777 2854 illis
1788 2806 1992 2863 assentio,

328 2874 403 2931 qui
420 2871 626 2918 diffatori
644 2885 808 2934 negant
826 2868 954 2916 fuisse
967 2868 1191 2917 summum
1209 2871 1470 2932 imperium,
1486 2871 1588 2933 quia
1615 2885 1878 2934 perpetuum
1897 2885 1993 2919 non

327 2948 435 2980 erat.
471 2951 573 2980 nam
605 2950 755 2980 rerum
787 2932 1032 2979 moralium
1052 2948 1210 2979 natura
1228 2948 1286 2979 ex
1303 2932 1642 2994 operationibus
1673 2932 1989 2997 cognoscitur:

325 3013 463 3058 quare
512 3013 572 3042 ux
591 2996 824 3043 facultates
839 2993 1026 3041 eosdem
1039 2994 1219 3042 effectus
1232 2994 1397 3043 habent
1413 3031 1422 3045 ,
1443 2995 1609 3042 eodem
1625 2999 1807 3045 nomine
1823 3011 1993 3042 nuncu-

324 3013 606 3122 paxidaei‘unt.
622 3059 681 3105 At
699 3058 892 3105 diCtator
916 3058 1032 3104 intra
1051 3072 1231 3120 tempus
1247 3057 1372 3105 suum
1389 3062 1413 3089 *
1434 3073 1590 3106 omnes
1603 3058 1724 3107 aestus
1735 3058 1904 3106 eodem
1919 3060 1993 3119 ju·-

326 3138 374 3167 re
392 3137 572 3168 exercet
595 3159 605 3177 ,
626 3137 719 3183 quo
749 3137 829 3167 rex
859 3122 935 3182 qui
953 3120 1014 3166 est
1035 3121 1216 3184 optimo
1234 3123 1357 3178 jure3
1374 3137 1517 3184 neque
1532 3123 1627 3182 ejus
1651 3121 1775 3169 abhis
1810 3119 1868 3168 ab
1897 3121 1991 3166 alio

326 3184 452 3230 reddi
467 3186 617 3231 irritus
634 3184 796 3244 potest.
812 3182 1012 3230 Duratio
1030 3197 1181 3230 autem
1199 3198 1404 3230 naturam
1425 3186 1485 3230 rei
1500 3200 1587 3230 non
1605 3186 1834 3232 immutat.
1851 3199 1993 3245 quan-

327 3263 459 3306 quam
481 3246 508 3292 si
528 3248 586 3292 de
600 3245 825 3309 dignitate
840 3247 1049 3308 quaeritur
1066 3285 1077 3302 ,
1097 3263 1190 3308 quae
1208 3245 1412 3306 majestas
1428 3247 1517 3293 dici
1533 3246 1646 3295 solet
1665 3285 1677 3304 ,
1691 3246 1880 3294 dubium
1898 3260 1991 3291 non

329 3309 387 3353 est
403 3348 411 3359 ,
427 3311 531 3369 quin
557 3326 609 3356 ca
630 3312 779 3368 major
798 3308 910 3355 sitin
924 3322 982 3353 eo
999 3309 1067 3354 cui
1084 3309 1153 3367 jus
1202 3323 1439 3370 erpetuum
1471 3309 1630 3357 datum
1648 3309 1711 3356 est
1729 3345 1740 3360 ‚
1758 3324 1896 3371 quam
1916 3306 1989 3354 cui

328 3374 665 3434 temporarium,
688 3374 791 3435 quia
801 3369 859 3419 ad
875 3368 1142 3436 dignitatem
1179 3373 1269 3421 acit
1283 3370 1477 3420 habendi
1489 3371 1676 3421 modus.
1691 3368 1986 3480 Atqugigem

1846 3451 1859 3478 1
1909 3447 1985 3480 um
