<?xml version="1.0" encoding="UTF-8"?>
<!DOCTYPE html PUBLIC "-//W3C//DTD XHTML 1.0 Transitional//EN"
    "http://www.w3.org/TR/xhtml1/DTD/xhtml1-transitional.dtd">
<html xmlns="http://www.w3.org/1999/xhtml" xml:lang="en" lang="en">
 <head>
  <title>
</title>
<meta http-equiv="Content-Type" content="text/html;charset=utf-8" />
  <meta name='ocr-system' content='tesseract 3.04.00' />
  <meta name='ocr-capabilities' content='ocr_page ocr_carea ocr_par ocr_line ocrx_word'/>
</head>
<body>
  <div class='ocr_page' id='page_1' title='image "./hugonisgrottiide010grotuoft_0258.png"; bbox 0 0 2380 3917; ppageno 0'>
   <div class='ocr_carea' id='block_1_1' title="bbox 139 1072 280 1107">
    <p class='ocr_par' dir='ltr' id='par_1_1' title="bbox 139 1072 280 1107">
     <span class='ocr_line' id='line_1_1' title="bbox 139 1072 280 1107; baseline 0.007 -1"><span class='ocrx_word' id='word_1_1' title='bbox 139 1072 234 1107; x_wconf 65' lang='lat' dir='ltr'>Ltbro</span> <span class='ocrx_word' id='word_1_2' title='bbox 252 1081 280 1107; x_wconf 86' lang='lat'>1·</span> 
     </span>
    </p>
   </div>
   <div class='ocr_carea' id='block_1_2' title="bbox 139 1750 281 1786">
    <p class='ocr_par' dir='ltr' id='par_1_2' title="bbox 139 1750 281 1786">
     <span class='ocr_line' id='line_1_2' title="bbox 139 1750 281 1786; baseline 0 0"><span class='ocrx_word' id='word_1_3' title='bbox 139 1750 230 1786; x_wconf 65' lang='lat' dir='ltr'>fibro</span> <span class='ocrx_word' id='word_1_4' title='bbox 248 1759 281 1786; x_wconf 83' lang='grc' dir='ltr'>Ι.</span> 
     </span>
    </p>
   </div>
   <div class='ocr_carea' id='block_1_3' title="bbox 139 1950 329 1989">
    <p class='ocr_par' dir='ltr' id='par_1_3' title="bbox 139 1950 329 1989">
     <span class='ocr_line' id='line_1_3' title="bbox 139 1950 329 1989; baseline -0.011 -2"><span class='ocrx_word' id='word_1_5' title='bbox 139 1950 233 1987; x_wconf 61' lang='lat' dir='ltr'>libro</span> <span class='ocrx_word' id='word_1_6' title='bbox 250 1959 329 1989; x_wconf 76' lang='lat'>111.</span> 
     </span>
    </p>
   </div>
   <div class='ocr_carea' id='block_1_4' title="bbox 378 289 1648 332">
    <p class='ocr_par' dir='ltr' id='par_1_4' title="bbox 378 289 1648 332">
     <span class='ocr_line' id='line_1_4' title="bbox 378 289 1648 332; baseline -0.003 0"><span class='ocrx_word' id='word_1_7' title='bbox 378 296 449 332; x_wconf 82' lang='lat'>208</span> <span class='ocrx_word' id='word_1_8' title='bbox 794 289 1648 328; x_wconf 69' lang='lat' dir='ltr'>DEIVREBELLI</span> 
     </span>
    </p>
   </div>
   <div class='ocr_carea' id='block_1_5' title="bbox 374 356 2050 2233">
    <p class='ocr_par' dir='ltr' id='par_1_5' title="bbox 376 356 2050 927">
     <span class='ocr_line' id='line_1_5' title="bbox 376 356 2046 423; baseline 0.002 -15"><span class='ocrx_word' id='word_1_9' title='bbox 376 362 537 409; x_wconf 82' lang='lat' dir='ltr'>definit</span> <span class='ocrx_word' id='word_1_10' title='bbox 554 359 723 405; x_wconf 87' lang='lat' dir='ltr'>debere</span> <span class='ocrx_word' id='word_1_11' title='bbox 754 359 990 420; x_wconf 82' lang='lat' dir='ltr'>pecuniam</span> <span class='ocrx_word' id='word_1_12' title='bbox 1008 356 1198 421; x_wconf 89' lang='lat' dir='ltr'>populus</span> <span class='ocrx_word' id='word_1_13' title='bbox 1215 371 1323 419; x_wconf 85' lang='lat' dir='ltr'>rege</span> <span class='ocrx_word' id='word_1_14' title='bbox 1349 356 1428 404; x_wconf 82' lang='lat' dir='ltr'>fibi</span> <span class='ocrx_word' id='word_1_15' title='bbox 1443 359 1656 422; x_wconf 81' lang='lat' dir='ltr'>impolito</span> <span class='ocrx_word' id='word_1_16' title='bbox 1672 375 1811 423; x_wconf 86' lang='lat' dir='ltr'>quam</span> <span class='ocrx_word' id='word_1_17' title='bbox 1828 360 1942 410; x_wconf 84' lang='lat' dir='ltr'>liber</span> <span class='ocrx_word' id='word_1_18' title='bbox 1965 362 2046 411; x_wconf 85' lang='lat' dir='ltr'>de-</span> 
     </span>
     <span class='ocr_line' id='line_1_6' title="bbox 378 417 2050 490; baseline 0.007 -26"><span class='ocrx_word' id='word_1_19' title='bbox 378 425 515 472; x_wconf 64' lang='lat' dir='ltr'>bebat</span> <span class='ocrx_word' id='word_1_20' title='bbox 534 422 618 470; x_wconf 85' lang='lat' dir='ltr'>:est</span> <span class='ocrx_word' id='word_1_21' title='bbox 630 424 749 467; x_wconf 79' lang='lat' dir='ltr'>enim</span> <span class='ocrx_word' id='word_1_22' title='bbox 767 419 890 467; x_wconf 86' lang='lat' dir='ltr'>idem</span> <span class='ocrx_word' id='word_1_23' title='bbox 908 420 1101 482; x_wconf 89' lang='lat' dir='ltr'>populus</span> <span class='ocrx_word' id='word_1_24' title='bbox 1119 456 1130 474; x_wconf 84' lang='lat'>,</span> <span class='ocrx_word' id='word_1_25' title='bbox 1147 422 1196 464; x_wconf 72' lang='grc' dir='ltr'>δε</span> <span class='ocrx_word' id='word_1_26' title='bbox 1212 417 1474 466; x_wconf 87' lang='lat' dir='ltr'>dominium</span> <span class='ocrx_word' id='word_1_27' title='bbox 1490 423 1653 468; x_wconf 87' lang='lat' dir='ltr'>retinet</span> <span class='ocrx_word' id='word_1_28' title='bbox 1673 440 1835 471; x_wconf 86' lang='lat' dir='ltr'>eorum</span> <span class='ocrx_word' id='word_1_29' title='bbox 1851 442 1944 487; x_wconf 89' lang='lat' dir='ltr'>quae</span> <span class='ocrx_word' id='word_1_30' title='bbox 1960 443 2050 490; x_wconf 87' lang='lat' dir='ltr'>po·-</span> 
     </span>
     <span class='ocr_line' id='line_1_7' title="bbox 377 479 2050 551; baseline 0.001 -17"><span class='ocrx_word' id='word_1_31' title='bbox 377 490 468 551; x_wconf 82' lang='lat' dir='ltr'>puli</span> <span class='ocrx_word' id='word_1_32' title='bbox 489 485 686 538; x_wconf 77' lang='lat' dir='ltr'>fuerant,</span> <span class='ocrx_word' id='word_1_33' title='bbox 708 485 803 528; x_wconf 86' lang='lat' dir='ltr'>imo</span> <span class='ocrx_word' id='word_1_34' title='bbox 823 484 871 527; x_wconf 82' lang='lat'>&amp;</span> <span class='ocrx_word' id='word_1_35' title='bbox 889 482 1128 540; x_wconf 84' lang='lat' dir='ltr'>imperium</span> <span class='ocrx_word' id='word_1_36' title='bbox 1143 482 1187 527; x_wconf 91' lang='lat' dir='ltr'>in</span> <span class='ocrx_word' id='word_1_37' title='bbox 1205 479 1248 527; x_wconf 89' lang='lat' dir='ltr'>se</span> <span class='ocrx_word' id='word_1_38' title='bbox 1266 483 1428 528; x_wconf 86' lang='lat' dir='ltr'>retinet</span> <span class='ocrx_word' id='word_1_39' title='bbox 1443 520 1455 539; x_wconf 90' lang='lat'>‚</span> <span class='ocrx_word' id='word_1_40' title='bbox 1474 499 1728 548; x_wconf 79' lang='lat' dir='ltr'>quanquam</span> <span class='ocrx_word' id='word_1_41' title='bbox 1747 488 1841 546; x_wconf 85' lang='lat' dir='ltr'>jam</span> <span class='ocrx_word' id='word_1_42' title='bbox 1860 505 1951 536; x_wconf 85' lang='lat' dir='ltr'>non</span> <span class='ocrx_word' id='word_1_43' title='bbox 1967 505 2050 537; x_wconf 85' lang='lat' dir='ltr'>ex-</span> 
     </span>
     <span class='ocr_line' id='line_1_8' title="bbox 378 542 2049 609; baseline 0.002 -13"><span class='ocrx_word' id='word_1_44' title='bbox 378 549 623 596; x_wconf 77' lang='lat' dir='ltr'>ercendum</span> <span class='ocrx_word' id='word_1_45' title='bbox 637 552 663 593; x_wconf 72' lang='lat' dir='ltr'>a</span> <span class='ocrx_word' id='word_1_46' title='bbox 680 561 877 606; x_wconf 77' lang='lat' dir='ltr'>corpore</span> <span class='ocrx_word' id='word_1_47' title='bbox 893 543 969 591; x_wconf 87' lang='lat' dir='ltr'>sed</span> <span class='ocrx_word' id='word_1_48' title='bbox 986 548 1012 590; x_wconf 77' lang='lat' dir='ltr'>a</span> <span class='ocrx_word' id='word_1_49' title='bbox 1028 544 1203 605; x_wconf 85' lang='lat' dir='ltr'>capite:</span> <span class='ocrx_word' id='word_1_50' title='bbox 1227 542 1346 589; x_wconf 90' lang='lat' dir='ltr'>unde</span> <span class='ocrx_word' id='word_1_51' title='bbox 1363 559 1519 606; x_wconf 85' lang='lat' dir='ltr'>parata</span> <span class='ocrx_word' id='word_1_52' title='bbox 1535 547 1598 594; x_wconf 89' lang='lat' dir='ltr'>est</span> <span class='ocrx_word' id='word_1_53' title='bbox 1614 548 1844 609; x_wconf 72' lang='lat' dir='ltr'>responsio</span> <span class='ocrx_word' id='word_1_54' title='bbox 1861 550 1920 597; x_wconf 88' lang='lat' dir='ltr'>ad</span> <span class='ocrx_word' id='word_1_55' title='bbox 1934 567 2049 599; x_wconf 87' lang='lat' dir='ltr'>con-</span> 
     </span>
     <span class='ocr_line' id='line_1_9' title="bbox 378 606 2047 672; baseline 0.001 -12"><span class='ocrx_word' id='word_1_56' title='bbox 378 611 645 660; x_wconf 77' lang='lat' dir='ltr'>troverliam</span> <span class='ocrx_word' id='word_1_57' title='bbox 661 626 717 654; x_wconf 72' lang='lat' dir='ltr'>cx</span> <span class='ocrx_word' id='word_1_58' title='bbox 730 607 852 654; x_wconf 67' lang='lat' dir='ltr'>facio</span> <span class='ocrx_word' id='word_1_59' title='bbox 871 621 1195 668; x_wconf 83' lang='lat' dir='ltr'>nonnunquam</span> <span class='ocrx_word' id='word_1_60' title='bbox 1211 606 1542 672; x_wconf 81' lang='lat' dir='ltr'>agitatam,quo</span> <span class='ocrx_word' id='word_1_61' title='bbox 1562 611 1671 657; x_wconf 88' lang='lat' dir='ltr'>loco</span> <span class='ocrx_word' id='word_1_62' title='bbox 1684 613 1729 657; x_wconf 87' lang='lat' dir='ltr'>in</span> <span class='ocrx_word' id='word_1_63' title='bbox 1746 613 2047 662; x_wconf 79' lang='lat' dir='ltr'>conventibus</span> 
     </span>
     <span class='ocr_line' id='line_1_10' title="bbox 379 670 2046 734; baseline 0.002 -12"><span class='ocrx_word' id='word_1_64' title='bbox 379 676 530 722; x_wconf 71' lang='lat' dir='ltr'>sedere</span> <span class='ocrx_word' id='word_1_65' title='bbox 547 672 709 719; x_wconf 75' lang='lat' dir='ltr'>debeat</span> <span class='ocrx_word' id='word_1_66' title='bbox 728 673 801 734; x_wconf 86' lang='lat' dir='ltr'>qui</span> <span class='ocrx_word' id='word_1_67' title='bbox 833 671 1058 719; x_wconf 86' lang='lat' dir='ltr'>summum</span> <span class='ocrx_word' id='word_1_68' title='bbox 1075 670 1315 731; x_wconf 81' lang='lat' dir='ltr'>imperium</span> <span class='ocrx_word' id='word_1_69' title='bbox 1335 670 1379 715; x_wconf 88' lang='lat' dir='ltr'>in</span> <span class='ocrx_word' id='word_1_70' title='bbox 1406 672 1627 734; x_wconf 82' lang='lat' dir='ltr'>populum</span> <span class='ocrx_word' id='word_1_71' title='bbox 1644 689 1747 719; x_wconf 82' lang='lat' dir='ltr'>ante</span> <span class='ocrx_word' id='word_1_72' title='bbox 1759 674 1952 723; x_wconf 85' lang='lat' dir='ltr'>liberum</span> <span class='ocrx_word' id='word_1_73' title='bbox 1970 693 2046 725; x_wconf 81' lang='lat' dir='ltr'>ac·-</span> 
     </span>
     <span class='ocr_line' id='line_1_11' title="bbox 376 732 2046 801; baseline 0.003 -19"><span class='ocrx_word' id='word_1_74' title='bbox 376 741 495 800; x_wconf 62' lang='lat' dir='ltr'>cepit</span> <span class='ocrx_word' id='word_1_75' title='bbox 513 758 524 793; x_wconf 74' lang='lat'>3</span> <span class='ocrx_word' id='word_1_76' title='bbox 560 735 727 781; x_wconf 82' lang='lat' dir='ltr'>eodem</span> <span class='ocrx_word' id='word_1_77' title='bbox 756 735 970 779; x_wconf 86' lang='lat' dir='ltr'>nimirum</span> <span class='ocrx_word' id='word_1_78' title='bbox 988 748 1082 796; x_wconf 87' lang='lat' dir='ltr'>quo</span> <span class='ocrx_word' id='word_1_79' title='bbox 1099 732 1190 794; x_wconf 75' lang='lat' dir='ltr'>ipse</span> <span class='ocrx_word' id='word_1_80' title='bbox 1218 748 1280 792; x_wconf 83' lang='lat' dir='ltr'>po</span> <span class='ocrx_word' id='word_1_81' title='bbox 1316 732 1412 780; x_wconf 87' lang='lat' dir='ltr'>ulus</span> <span class='ocrx_word' id='word_1_82' title='bbox 1430 750 1442 781; x_wconf 90' lang='lat'>:</span> <span class='ocrx_word' id='word_1_83' title='bbox 1471 734 1580 782; x_wconf 82' lang='lat' dir='ltr'>sicut</span> <span class='ocrx_word' id='word_1_84' title='bbox 1597 736 1640 781; x_wconf 88' lang='lat' dir='ltr'>in</span> <span class='ocrx_word' id='word_1_85' title='bbox 1658 735 2046 801; x_wconf 61' lang='lat' dir='ltr'>Ainphietyonico</span> 
     </span>
     <span class='ocr_line' id='line_1_12' title="bbox 377 796 2046 866; baseline 0.001 -17"><span class='ocrx_word' id='word_1_86' title='bbox 377 800 571 849; x_wconf 71' lang='lat' dir='ltr'>coniess‘u</span> <span class='ocrx_word' id='word_1_87' title='bbox 595 796 890 844; x_wconf 80' lang='lat' dir='ltr'>Phocenlium</span> <span class='ocrx_word' id='word_1_88' title='bbox 906 797 1062 843; x_wconf 87' lang='lat' dir='ltr'>locum</span> <span class='ocrx_word' id='word_1_89' title='bbox 1079 796 1252 858; x_wconf 88' lang='lat' dir='ltr'>accepit</span> <span class='ocrx_word' id='word_1_90' title='bbox 1310 796 1504 866; x_wconf 81' lang='lat' dir='ltr'>hilippus</span> <span class='ocrx_word' id='word_1_91' title='bbox 1520 798 1745 846; x_wconf 82' lang='lat' dir='ltr'><strong>Macedo.</strong></span> <span class='ocrx_word' id='word_1_92' title='bbox 1778 799 1836 847; x_wconf 87' lang='lat' dir='ltr'>fic</span> <span class='ocrx_word' id='word_1_93' title='bbox 1855 803 2046 851; x_wconf 83' lang='lat' dir='ltr'>viciffim</span> 
     </span>
     <span class='ocr_line' id='line_1_13' title="bbox 378 858 1620 927; baseline -0.004 -17"><span class='ocrx_word' id='word_1_94' title='bbox 378 867 454 927; x_wconf 84' lang='lat' dir='ltr'>qni</span> <span class='ocrx_word' id='word_1_95' title='bbox 474 865 591 927; x_wconf 78' lang='lat' dir='ltr'>regis</span> <span class='ocrx_word' id='word_1_96' title='bbox 613 861 759 906; x_wconf 74' lang='lat' dir='ltr'>fuerat</span> <span class='ocrx_word' id='word_1_97' title='bbox 773 860 918 915; x_wconf 77' lang='lat' dir='ltr'>locus,</span> <span class='ocrx_word' id='word_1_98' title='bbox 935 875 1040 905; x_wconf 87' lang='lat' dir='ltr'>eum</span> <span class='ocrx_word' id='word_1_99' title='bbox 1057 858 1248 923; x_wconf 78' lang='lat' dir='ltr'>populus</span> <span class='ocrx_word' id='word_1_100' title='bbox 1264 858 1379 905; x_wconf 84' lang='lat' dir='ltr'>liber</span> <span class='ocrx_word' id='word_1_101' title='bbox 1395 860 1620 923; x_wconf 79' lang='lat' dir='ltr'>implebit.</span> 
     </span>
    </p>

    <p class='ocr_par' dir='ltr' id='par_1_6' title="bbox 374 920 2046 1308">
     <span class='ocr_line' id='line_1_14' title="bbox 440 920 2046 989; baseline 0.002 -16"><span class='ocrx_word' id='word_1_102' title='bbox 440 927 533 973; x_wconf 75' lang='lat' dir='ltr'>lx.</span> <span class='ocrx_word' id='word_1_103' title='bbox 571 923 715 987; x_wconf 83' lang='lat' dir='ltr'>Qod</span> <span class='ocrx_word' id='word_1_104' title='bbox 735 923 764 970; x_wconf 85' lang='lat' dir='ltr'>fi</span> <span class='ocrx_word' id='word_1_105' title='bbox 782 920 969 984; x_wconf 80' lang='lat' dir='ltr'>quando</span> <span class='ocrx_word' id='word_1_106' title='bbox 986 926 1011 953; x_wconf 92' lang='lat'><strong>*</strong></span> <span class='ocrx_word' id='word_1_107' title='bbox 1029 923 1236 969; x_wconf 86' lang='lat' dir='ltr'>uniantur</span> <span class='ocrx_word' id='word_1_108' title='bbox 1251 921 1346 968; x_wconf 90' lang='lat' dir='ltr'>duo</span> <span class='ocrx_word' id='word_1_109' title='bbox 1366 923 1520 987; x_wconf 86' lang='lat' dir='ltr'>populi</span> <span class='ocrx_word' id='word_1_110' title='bbox 1541 961 1551 980; x_wconf 93' lang='lat'>,</span> <span class='ocrx_word' id='word_1_111' title='bbox 1582 939 1671 970; x_wconf 91' lang='lat' dir='ltr'>non</span> <span class='ocrx_word' id='word_1_112' title='bbox 1692 927 1959 975; x_wconf 81' lang='lat' dir='ltr'>amittentur</span> <span class='ocrx_word' id='word_1_113' title='bbox 1975 930 2046 989; x_wconf 82' lang='lat' dir='ltr'>ju-</span> 
     </span>
     <span class='ocr_line' id='line_1_15' title="bbox 376 983 2046 1050; baseline 0.001 -13"><span class='ocrx_word' id='word_1_114' title='bbox 376 1008 441 1046; x_wconf 72' lang='lat' dir='ltr'>ra,</span> <span class='ocrx_word' id='word_1_115' title='bbox 458 988 531 1036; x_wconf 87' lang='lat' dir='ltr'>sed</span> <span class='ocrx_word' id='word_1_116' title='bbox 554 985 1024 1042; x_wconf 71' lang='lat' dir='ltr'>communicabantur,</span> <span class='ocrx_word' id='word_1_117' title='bbox 1044 984 1151 1031; x_wconf 89' lang='lat' dir='ltr'>ficut</span> <span class='ocrx_word' id='word_1_118' title='bbox 1169 983 1445 1032; x_wconf 83' lang='lat' dir='ltr'>Sabinorum</span> <span class='ocrx_word' id='word_1_119' title='bbox 1462 988 1630 1050; x_wconf 87' lang='lat' dir='ltr'>primo,</span> <span class='ocrx_word' id='word_1_120' title='bbox 1650 986 1819 1034; x_wconf 87' lang='lat' dir='ltr'>deinde</span> <span class='ocrx_word' id='word_1_121' title='bbox 1840 989 2046 1038; x_wconf 84' lang='lat' dir='ltr'>Albano-</span> 
     </span>
     <span class='ocr_line' id='line_1_16' title="bbox 376 1043 2046 1111; baseline 0.001 -11"><span class='ocrx_word' id='word_1_122' title='bbox 376 1070 478 1101; x_wconf 85' lang='lat' dir='ltr'>rum</span> <span class='ocrx_word' id='word_1_123' title='bbox 498 1054 566 1111; x_wconf 87' lang='lat' dir='ltr'>jus</span> <span class='ocrx_word' id='word_1_124' title='bbox 585 1053 630 1097; x_wconf 91' lang='lat' dir='ltr'>in</span> <span class='ocrx_word' id='word_1_125' title='bbox 646 1049 886 1096; x_wconf 87' lang='lat' dir='ltr'>Romanos</span> <span class='ocrx_word' id='word_1_126' title='bbox 903 1043 1173 1095; x_wconf 88' lang='lat' dir='ltr'>transfusum</span> <span class='ocrx_word' id='word_1_127' title='bbox 1189 1047 1250 1094; x_wconf 87' lang='lat' dir='ltr'>est</span> <span class='ocrx_word' id='word_1_128' title='bbox 1271 1086 1283 1104; x_wconf 90' lang='lat'>‚</span> <span class='ocrx_word' id='word_1_129' title='bbox 1302 1049 1349 1094; x_wconf 72' lang='grc' dir='ltr'>δε</span> <span class='ocrx_word' id='word_1_130' title='bbox 1367 1066 1455 1097; x_wconf 86' lang='lat' dir='ltr'>una</span> <span class='ocrx_word' id='word_1_131' title='bbox 1472 1046 1589 1097; x_wconf 69' lang='lat' dir='ltr'>fasta</span> <span class='ocrx_word' id='word_1_132' title='bbox 1607 1048 1856 1111; x_wconf 79' lang='lat' dir='ltr'>respublica</span> <span class='ocrx_word' id='word_1_133' title='bbox 1870 1090 1882 1108; x_wconf 90' lang='lat'>,</span> <span class='ocrx_word' id='word_1_134' title='bbox 1902 1068 1950 1100; x_wconf 91' lang='lat' dir='ltr'>ut</span> <span class='ocrx_word' id='word_1_135' title='bbox 1972 1054 2046 1101; x_wconf 87' lang='lat' dir='ltr'>Li-</span> 
     </span>
     <span class='ocr_line' id='line_1_17' title="bbox 374 1109 2046 1179; baseline -0.002 -15"><span class='ocrx_word' id='word_1_136' title='bbox 374 1120 473 1165; x_wconf 86' lang='lat' dir='ltr'>vius</span> <span class='ocrx_word' id='word_1_137' title='bbox 487 1114 705 1179; x_wconf 80' lang='lat' dir='ltr'>loquitur.</span> <span class='ocrx_word' id='word_1_138' title='bbox 741 1111 961 1174; x_wconf 85' lang='lat' dir='ltr'><strong>Idemque</strong></span> <span class='ocrx_word' id='word_1_139' title='bbox 977 1111 1246 1158; x_wconf 68' lang='lat' dir='ltr'>censendum</span> <span class='ocrx_word' id='word_1_140' title='bbox 1263 1109 1322 1157; x_wconf 87' lang='lat' dir='ltr'>de</span> <span class='ocrx_word' id='word_1_141' title='bbox 1341 1115 1488 1176; x_wconf 81' lang='lat' dir='ltr'>regnis</span> <span class='ocrx_word' id='word_1_142' title='bbox 1501 1130 1593 1176; x_wconf 86' lang='lat' dir='ltr'>quae</span> <span class='ocrx_word' id='word_1_143' title='bbox 1610 1128 1702 1159; x_wconf 91' lang='lat' dir='ltr'>non</span> <span class='ocrx_word' id='word_1_144' title='bbox 1720 1111 1899 1165; x_wconf 82' lang='lat' dir='ltr'>foedere</span> <span class='ocrx_word' id='word_1_145' title='bbox 1916 1153 1930 1172; x_wconf 80' lang='grc'><strong>,</strong></span> <span class='ocrx_word' id='word_1_146' title='bbox 1967 1130 2046 1164; x_wconf 87' lang='lat' dir='ltr'>aut</span> 
     </span>
     <span class='ocr_line' id='line_1_18' title="bbox 374 1173 2046 1241; baseline 0.001 -15"><span class='ocrx_word' id='word_1_147' title='bbox 374 1195 435 1227; x_wconf 91' lang='lat' dir='ltr'>eo</span> <span class='ocrx_word' id='word_1_148' title='bbox 451 1177 675 1225; x_wconf 78' lang='lat' dir='ltr'>duntaxat</span> <span class='ocrx_word' id='word_1_149' title='bbox 689 1173 818 1238; x_wconf 87' lang='lat' dir='ltr'>quod</span> <span class='ocrx_word' id='word_1_150' title='bbox 834 1189 992 1239; x_wconf 82' lang='lat' dir='ltr'>regem</span> <span class='ocrx_word' id='word_1_151' title='bbox 1008 1186 1302 1221; x_wconf 86' lang='lat' dir='ltr'>communem</span> <span class='ocrx_word' id='word_1_152' title='bbox 1322 1174 1616 1236; x_wconf 83' lang='lat' dir='ltr'>habeant,sed</span> <span class='ocrx_word' id='word_1_153' title='bbox 1634 1191 1741 1225; x_wconf 88' lang='lat' dir='ltr'>vera</span> <span class='ocrx_word' id='word_1_154' title='bbox 1755 1179 1927 1225; x_wconf 84' lang='lat' dir='ltr'>unitate</span> <span class='ocrx_word' id='word_1_155' title='bbox 1942 1181 2046 1241; x_wconf 83' lang='lat' dir='ltr'>jun-</span> 
     </span>
     <span class='ocr_line' id='line_1_19' title="bbox 374 1256 865 1308; baseline -0.004 -20"><span class='ocrx_word' id='word_1_156' title='bbox 374 1256 553 1308; x_wconf 83' lang='lat' dir='ltr'>guntur.</span> <span class='ocrx_word' id='word_1_157' title='bbox 855 1298 865 1307; x_wconf 32' lang='grc' dir='ltr'><strong><em>ο</em></strong></span> 
     </span>
    </p>

    <p class='ocr_par' dir='ltr' id='par_1_7' title="bbox 374 1299 2046 2233">
     <span class='ocr_line' id='line_1_20' title="bbox 440 1299 2046 1361; baseline 0.001 -11"><span class='ocrx_word' id='word_1_158' title='bbox 440 1303 506 1350; x_wconf 88' lang='grc' dir='ltr'>Χ.</span> <span class='ocrx_word' id='word_1_159' title='bbox 544 1302 724 1350; x_wconf 82' lang='lat' dir='ltr'>Contra</span> <span class='ocrx_word' id='word_1_160' title='bbox 738 1313 889 1348; x_wconf 80' lang='lat' dir='ltr'>evenit</span> <span class='ocrx_word' id='word_1_161' title='bbox 909 1338 920 1356; x_wconf 84' lang='lat'>‚</span> <span class='ocrx_word' id='word_1_162' title='bbox 939 1313 990 1346; x_wconf 90' lang='lat' dir='ltr'>ut</span> <span class='ocrx_word' id='word_1_163' title='bbox 1005 1315 1100 1361; x_wconf 80' lang='lat' dir='ltr'>quae</span> <span class='ocrx_word' id='word_1_164' title='bbox 1118 1316 1203 1347; x_wconf 86' lang='lat' dir='ltr'>una</span> <span class='ocrx_word' id='word_1_165' title='bbox 1218 1301 1374 1349; x_wconf 88' lang='lat' dir='ltr'>civitas</span> <span class='ocrx_word' id='word_1_166' title='bbox 1389 1299 1540 1349; x_wconf 85' lang='lat' dir='ltr'>fuerat</span> <span class='ocrx_word' id='word_1_167' title='bbox 1559 1300 1793 1350; x_wconf 82' lang='lat' dir='ltr'>dividatur</span> <span class='ocrx_word' id='word_1_168' title='bbox 1812 1343 1822 1360; x_wconf 92' lang='lat'>‚</span> <span class='ocrx_word' id='word_1_169' title='bbox 1842 1317 1920 1352; x_wconf 90' lang='lat' dir='ltr'>aut</span> <span class='ocrx_word' id='word_1_170' title='bbox 1931 1321 2046 1352; x_wconf 91' lang='lat' dir='ltr'>con-</span> 
     </span>
     <span class='ocr_line' id='line_1_21' title="bbox 375 1359 2044 1429; baseline 0.001 -15"><span class='ocrx_word' id='word_1_171' title='bbox 375 1366 497 1415; x_wconf 81' lang='lat' dir='ltr'>sensu</span> <span class='ocrx_word' id='word_1_172' title='bbox 516 1380 675 1412; x_wconf 87' lang='lat' dir='ltr'>mutuo</span> <span class='ocrx_word' id='word_1_173' title='bbox 693 1403 704 1420; x_wconf 88' lang='lat'>,</span> <span class='ocrx_word' id='word_1_174' title='bbox 725 1379 804 1410; x_wconf 87' lang='lat' dir='ltr'>aut</span> <span class='ocrx_word' id='word_1_175' title='bbox 819 1364 865 1410; x_wconf 86' lang='lat' dir='ltr'>vi</span> <span class='ocrx_word' id='word_1_176' title='bbox 883 1361 1043 1409; x_wconf 89' lang='lat' dir='ltr'>bellica</span> <span class='ocrx_word' id='word_1_177' title='bbox 1062 1401 1072 1419; x_wconf 84' lang='lat'>,</span> <span class='ocrx_word' id='word_1_178' title='bbox 1088 1361 1197 1409; x_wconf 83' lang='lat' dir='ltr'>ficut</span> <span class='ocrx_word' id='word_1_179' title='bbox 1213 1380 1377 1427; x_wconf 86' lang='lat' dir='ltr'>corpus</span> <span class='ocrx_word' id='word_1_180' title='bbox 1393 1366 1569 1429; x_wconf 86' lang='lat' dir='ltr'>imperii</span> <span class='ocrx_word' id='word_1_181' title='bbox 1589 1366 1752 1414; x_wconf 84' lang='lat' dir='ltr'>Persici</span> <span class='ocrx_word' id='word_1_182' title='bbox 1769 1359 1964 1416; x_wconf 82' lang='lat' dir='ltr'>‘divisum</span> <span class='ocrx_word' id='word_1_183' title='bbox 1981 1365 2044 1415; x_wconf 86' lang='lat' dir='ltr'>est</span> 
     </span>
     <span class='ocr_line' id='line_1_22' title="bbox 376 1425 2045 1492; baseline 0 -14"><span class='ocrx_word' id='word_1_184' title='bbox 376 1434 424 1477; x_wconf 80' lang='lat' dir='ltr'>in</span> <span class='ocrx_word' id='word_1_185' title='bbox 452 1428 697 1477; x_wconf 78' lang='lat' dir='ltr'>Alexandri</span> <span class='ocrx_word' id='word_1_186' title='bbox 727 1425 1012 1474; x_wconf 78' lang='lat' dir='ltr'><strong>successores.</strong></span> <span class='ocrx_word' id='word_1_187' title='bbox 1052 1425 1197 1489; x_wconf 85' lang='lat' dir='ltr'>Qod</span> <span class='ocrx_word' id='word_1_188' title='bbox 1225 1443 1329 1474; x_wconf 87' lang='lat' dir='ltr'>cum</span> <span class='ocrx_word' id='word_1_189' title='bbox 1357 1427 1405 1475; x_wconf 86' lang='lat' dir='ltr'>fit</span> <span class='ocrx_word' id='word_1_190' title='bbox 1425 1467 1436 1485; x_wconf 86' lang='lat'>‚</span> <span class='ocrx_word' id='word_1_191' title='bbox 1469 1428 1598 1492; x_wconf 84' lang='lat' dir='ltr'>plura</span> <span class='ocrx_word' id='word_1_192' title='bbox 1625 1445 1712 1492; x_wconf 90' lang='lat' dir='ltr'>pro</span> <span class='ocrx_word' id='word_1_193' title='bbox 1739 1446 1834 1478; x_wconf 89' lang='lat' dir='ltr'>uno</span> <span class='ocrx_word' id='word_1_194' title='bbox 1851 1430 2045 1478; x_wconf 83' lang='lat' dir='ltr'>existunt</span> 
     </span>
     <span class='ocr_line' id='line_1_23' title="bbox 375 1487 2045 1555; baseline 0 -14"><span class='ocrx_word' id='word_1_195' title='bbox 375 1494 551 1541; x_wconf 78' lang='lat' dir='ltr'>summa</span> <span class='ocrx_word' id='word_1_196' title='bbox 568 1491 756 1555; x_wconf 81' lang='lat' dir='ltr'>imperia</span> <span class='ocrx_word' id='word_1_197' title='bbox 770 1505 874 1536; x_wconf 89' lang='lat' dir='ltr'>cum</span> <span class='ocrx_word' id='word_1_198' title='bbox 891 1487 971 1538; x_wconf 84' lang='lat' dir='ltr'>suo</span> <span class='ocrx_word' id='word_1_199' title='bbox 989 1491 1090 1550; x_wconf 88' lang='lat' dir='ltr'>jure</span> <span class='ocrx_word' id='word_1_200' title='bbox 1106 1491 1149 1534; x_wconf 89' lang='lat' dir='ltr'>in</span> <span class='ocrx_word' id='word_1_201' title='bbox 1165 1506 1316 1552; x_wconf 85' lang='lat' dir='ltr'>partes</span> <span class='ocrx_word' id='word_1_202' title='bbox 1331 1491 1537 1555; x_wconf 76' lang='lat' dir='ltr'>fingulas.</span> <span class='ocrx_word' id='word_1_203' title='bbox 1553 1490 1603 1538; x_wconf 88' lang='lat' dir='ltr'>Si</span> <span class='ocrx_word' id='word_1_204' title='bbox 1620 1491 1730 1554; x_wconf 87' lang='lat' dir='ltr'>quid</span> <span class='ocrx_word' id='word_1_205' title='bbox 1743 1508 1899 1541; x_wconf 86' lang='lat' dir='ltr'>autem</span> <span class='ocrx_word' id='word_1_206' title='bbox 1910 1510 2045 1541; x_wconf 87' lang='lat' dir='ltr'>com-</span> 
     </span>
     <span class='ocr_line' id='line_1_24' title="bbox 375 1552 2045 1620; baseline 0.001 -17"><span class='ocrx_word' id='word_1_207' title='bbox 375 1573 510 1604; x_wconf 88' lang='lat' dir='ltr'>mune</span> <span class='ocrx_word' id='word_1_208' title='bbox 528 1554 663 1602; x_wconf 86' lang='lat' dir='ltr'>fuerit</span> <span class='ocrx_word' id='word_1_209' title='bbox 677 1593 688 1610; x_wconf 85' lang='lat'>,</span> <span class='ocrx_word' id='word_1_210' title='bbox 720 1552 769 1600; x_wconf 87' lang='lat' dir='ltr'>id</span> <span class='ocrx_word' id='word_1_211' title='bbox 787 1569 863 1601; x_wconf 90' lang='lat' dir='ltr'>aut</span> <span class='ocrx_word' id='word_1_212' title='bbox 877 1553 1187 1599; x_wconf 87' lang='lat' dir='ltr'>communiter</span> <span class='ocrx_word' id='word_1_213' title='bbox 1205 1552 1265 1599; x_wconf 92' lang='lat' dir='ltr'>est</span> <span class='ocrx_word' id='word_1_214' title='bbox 1281 1552 1680 1602; x_wconf 85' lang='lat' dir='ltr'>administrandum</span> <span class='ocrx_word' id='word_1_215' title='bbox 1699 1594 1711 1613; x_wconf 84' lang='lat'><strong>,</strong></span> <span class='ocrx_word' id='word_1_216' title='bbox 1733 1570 1811 1603; x_wconf 91' lang='lat' dir='ltr'>aut</span> <span class='ocrx_word' id='word_1_217' title='bbox 1828 1573 1914 1620; x_wconf 90' lang='lat' dir='ltr'>pro</span> <span class='ocrx_word' id='word_1_218' title='bbox 1931 1558 2045 1605; x_wconf 84' lang='lat' dir='ltr'>ratis</span> 
     </span>
     <span class='ocr_line' id='line_1_25' title="bbox 375 1614 2044 1684; baseline -0.001 -17"><span class='ocrx_word' id='word_1_219' title='bbox 375 1617 662 1684; x_wconf 77' lang='lat' dir='ltr'>portionibus</span> <span class='ocrx_word' id='word_1_220' title='bbox 676 1614 989 1665; x_wconf 82' lang='lat' dir='ltr'>dividendum.</span> <span class='ocrx_word' id='word_1_221' title='bbox 1006 1614 1112 1662; x_wconf 87' lang='lat' dir='ltr'>Huc</span> <span class='ocrx_word' id='word_1_222' title='bbox 1132 1614 1371 1664; x_wconf 88' lang='lat' dir='ltr'>referenda</span> <span class='ocrx_word' id='word_1_223' title='bbox 1387 1619 1435 1664; x_wconf 88' lang='lat'>&amp;</span> <span class='ocrx_word' id='word_1_224' title='bbox 1450 1617 1656 1665; x_wconf 73' lang='lat' dir='ltr'>disteffio</span> <span class='ocrx_word' id='word_1_225' title='bbox 1669 1635 1764 1682; x_wconf 83' lang='lat' dir='ltr'>quae</span> <span class='ocrx_word' id='word_1_226' title='bbox 1779 1634 1839 1667; x_wconf 82' lang='lat' dir='ltr'>ex</span> <span class='ocrx_word' id='word_1_227' title='bbox 1855 1618 2044 1667; x_wconf 88' lang='lat' dir='ltr'>consen-</span> 
     </span>
     <span class='ocr_line' id='line_1_26' title="bbox 377 1678 2044 1743; baseline 0.001 -13"><span class='ocrx_word' id='word_1_228' title='bbox 377 1682 423 1730; x_wconf 87' lang='lat' dir='ltr'>su</span> <span class='ocrx_word' id='word_1_229' title='bbox 443 1683 490 1730; x_wconf 80' lang='lat' dir='ltr'>fit</span> <span class='ocrx_word' id='word_1_230' title='bbox 504 1685 551 1728; x_wconf 89' lang='lat' dir='ltr'>in</span> <span class='ocrx_word' id='word_1_231' title='bbox 576 1679 795 1727; x_wconf 80' lang='lat' dir='ltr'>colonias.</span> <span class='ocrx_word' id='word_1_232' title='bbox 829 1678 959 1726; x_wconf 87' lang='lat' dir='ltr'>Nam</span> <span class='ocrx_word' id='word_1_233' title='bbox 976 1679 1032 1726; x_wconf 80' lang='lat' dir='ltr'>sic</span> <span class='ocrx_word' id='word_1_234' title='bbox 1046 1694 1230 1740; x_wconf 86' lang='lat' dir='ltr'>quoque</span> <span class='ocrx_word' id='word_1_235' title='bbox 1247 1695 1393 1727; x_wconf 83' lang='lat' dir='ltr'>novus</span> <span class='ocrx_word' id='word_1_236' title='bbox 1409 1681 1598 1743; x_wconf 85' lang='lat' dir='ltr'>populus</span> <span class='ocrx_word' id='word_1_237' title='bbox 1613 1681 1676 1729; x_wconf 88' lang='lat' dir='ltr'>sui</span> <span class='ocrx_word' id='word_1_238' title='bbox 1695 1683 1802 1741; x_wconf 81' lang='lat' dir='ltr'>juris</span> <span class='ocrx_word' id='word_1_239' title='bbox 1819 1683 2011 1731; x_wconf 81' lang='lat' dir='ltr'>nascitur</span> <span class='ocrx_word' id='word_1_240' title='bbox 2029 1693 2044 1732; x_wconf 71' lang='grc'><strong><em>2</em></strong></span> 
     </span>
     <span class='ocr_line' id='line_1_27' title="bbox 379 1737 2044 1806; baseline -0.002 -18"><span class='ocrx_word' id='word_1_241' title='bbox 379 1748 403 1788; x_wconf 74' lang='grc' dir='ltr'><em>ἐ</em></span> <span class='ocrx_word' id='word_1_242' title='bbox 417 1740 461 1803; x_wconf 55' lang='lat'>23</span> <span class='ocrx_word' id='word_1_243' title='bbox 477 1746 538 1787; x_wconf 69' lang='grc' dir='ltr'>ἐπὶ</span> <span class='ocrx_word' id='word_1_244' title='bbox 552 1737 755 1799; x_wconf 53' lang='lat' dir='ltr'>album,</span> <span class='ocrx_word' id='word_1_245' title='bbox 776 1741 858 1784; x_wconf 61' lang='lat' dir='ltr'>a&#39;Rx&#39;</span> <span class='ocrx_word' id='word_1_246' title='bbox 870 1742 933 1785; x_wconf 66' lang='grc' dir='ltr'>ἰπὶ</span> <span class='ocrx_word' id='word_1_247' title='bbox 945 1737 1132 1797; x_wconf 62' lang='grc' dir='ltr'>τῷἕμφοι</span> <span class='ocrx_word' id='word_1_248' title='bbox 1145 1738 1237 1796; x_wconf 58' lang='grc' dir='ltr'>εἶν-σᾳ</span> <span class='ocrx_word' id='word_1_249' title='bbox 1246 1741 1511 1799; x_wconf 62' lang='grc' dir='ltr'>ὠιπέμπυντη</span> <span class='ocrx_word' id='word_1_250' title='bbox 1527 1772 1538 1792; x_wconf 86' lang='grc'>,</span> <span class='ocrx_word' id='word_1_251' title='bbox 1557 1746 1703 1806; x_wconf 84' lang='lat' dir='ltr'>inquit</span> <span class='ocrx_word' id='word_1_252' title='bbox 1714 1744 1850 1794; x_wconf 68' lang='lat' dir='ltr'>Thuc,</span> <span class='ocrx_word' id='word_1_253' title='bbox 1883 1744 2014 1795; x_wconf 75' lang='lat' dir='ltr'>dides</span> <span class='ocrx_word' id='word_1_254' title='bbox 2027 1762 2044 1796; x_wconf 72' lang='lat'>2</span> 
     </span>
     <span class='ocr_line' id='line_1_28' title="bbox 378 1806 2043 1867; baseline -0.001 -11"><span class='ocrx_word' id='word_1_255' title='bbox 378 1819 468 1856; x_wconf 73' lang='lat' dir='ltr'>Non</span> <span class='ocrx_word' id='word_1_256' title='bbox 484 1815 584 1855; x_wconf 77' lang='lat' dir='ltr'>enim</span> <span class='ocrx_word' id='word_1_257' title='bbox 596 1823 639 1854; x_wconf 86' lang='lat' dir='ltr'>ut</span> <span class='ocrx_word' id='word_1_258' title='bbox 652 1812 772 1867; x_wconf 83' lang='lat' dir='ltr'>servi,</span> <span class='ocrx_word' id='word_1_259' title='bbox 790 1810 853 1861; x_wconf 80' lang='lat' dir='ltr'>sed</span> <span class='ocrx_word' id='word_1_260' title='bbox 866 1809 890 1835; x_wconf 90' lang='lat'><em>*</em></span> <span class='ocrx_word' id='word_1_261' title='bbox 910 1823 957 1851; x_wconf 85' lang='lat' dir='ltr'>ut</span> <span class='ocrx_word' id='word_1_262' title='bbox 968 1813 1059 1867; x_wconf 74' lang='lat' dir='ltr'>pari</span> <span class='ocrx_word' id='word_1_263' title='bbox 1062 1806 1153 1861; x_wconf 82' lang='lat' dir='ltr'>jure</span> <span class='ocrx_word' id='word_1_264' title='bbox 1160 1807 1242 1866; x_wconf 76' lang='lat' dir='ltr'>sint</span> <span class='ocrx_word' id='word_1_265' title='bbox 1254 1809 1521 1853; x_wconf 80' lang='lat' dir='ltr'>dimittuntur.</span> <span class='ocrx_word' id='word_1_266' title='bbox 1560 1806 1688 1854; x_wconf 83' lang='lat' dir='ltr'>Idem</span> <span class='ocrx_word' id='word_1_267' title='bbox 1709 1807 1834 1856; x_wconf 79' lang='lat' dir='ltr'>secun</span> <span class='ocrx_word' id='word_1_268' title='bbox 1871 1826 1945 1857; x_wconf 85' lang='lat' dir='ltr'>am</span> <span class='ocrx_word' id='word_1_269' title='bbox 1962 1825 2043 1857; x_wconf 87' lang='lat' dir='ltr'>co-</span> 
     </span>
     <span class='ocr_line' id='line_1_29' title="bbox 377 1866 2043 1932; baseline -0.003 -14"><span class='ocrx_word' id='word_1_270' title='bbox 377 1872 547 1919; x_wconf 83' lang='lat' dir='ltr'>loniam</span> <span class='ocrx_word' id='word_1_271' title='bbox 564 1876 590 1918; x_wconf 81' lang='lat' dir='ltr'>a</span> <span class='ocrx_word' id='word_1_272' title='bbox 605 1869 861 1917; x_wconf 86' lang='lat' dir='ltr'>Corinthiis</span> <span class='ocrx_word' id='word_1_273' title='bbox 878 1867 1183 1930; x_wconf 81' lang='lat' dir='ltr'>Epidamnum</span> <span class='ocrx_word' id='word_1_274' title='bbox 1200 1866 1443 1915; x_wconf 68' lang='lat' dir='ltr'>deduCtam</span> <span class='ocrx_word' id='word_1_275' title='bbox 1460 1885 1611 1917; x_wconf 84' lang='lat' dir='ltr'>narrat</span> <span class='ocrx_word' id='word_1_276' title='bbox 1639 1871 1699 1913; x_wconf 66' lang='lat' dir='ltr'>im*</span> <span class='ocrx_word' id='word_1_277' title='bbox 1712 1871 1767 1928; x_wconf 58' lang='lat'>⁶:33*</span> <span class='ocrx_word' id='word_1_278' title='bbox 1784 1872 1848 1929; x_wconf 59' lang='lat' dir='ltr'>&#39;io-31</span> <span class='ocrx_word' id='word_1_279' title='bbox 1868 1877 1902 1932; x_wconf 66' lang='grc' dir='ltr'>,ς</span> <span class='ocrx_word' id='word_1_280' title='bbox 1929 1871 2043 1929; x_wconf 57' lang='grc' dir='ltr'>ὁμῳιξι</span> 
     </span>
     <span class='ocr_line' id='line_1_30' title="bbox 377 1930 2040 1994; baseline 0.001 -14"><span class='ocrx_word' id='word_1_281' title='bbox 377 1954 421 1981; x_wconf 80' lang='lat' dir='ltr'>ut</span> <span class='ocrx_word' id='word_1_282' title='bbox 451 1941 536 1989; x_wconf 76' lang='lat' dir='ltr'>pari</span> <span class='ocrx_word' id='word_1_283' title='bbox 561 1953 650 1993; x_wconf 59' lang='lat' dir='ltr'>jure</span> <span class='ocrx_word' id='word_1_284' title='bbox 680 1937 777 1994; x_wconf 79' lang='lat' dir='ltr'>effer.</span> <span class='ocrx_word' id='word_1_285' title='bbox 812 1932 916 1978; x_wconf 79' lang='lat' dir='ltr'>Rex</span> <span class='ocrx_word' id='word_1_286' title='bbox 933 1930 1113 1978; x_wconf 77' lang='lat' dir='ltr'>Tullius</span> <span class='ocrx_word' id='word_1_287' title='bbox 1145 1931 1265 1994; x_wconf 82' lang='lat' dir='ltr'>apud</span> <span class='ocrx_word' id='word_1_288' title='bbox 1285 1931 1555 1994; x_wconf 82' lang='lat' dir='ltr'>Dionyfium</span> <span class='ocrx_word' id='word_1_289' title='bbox 1579 1933 2007 1982; x_wconf 79' lang='lat' dir='ltr'>Halicarnaffensem</span> <span class='ocrx_word' id='word_1_290' title='bbox 2026 1949 2040 1982; x_wconf 72' lang='grc' dir='ltr'><em>τ</em></span> 
     </span>
     <span class='ocr_line' id='line_1_31' title="bbox 379 1991 2044 2053; baseline 0.001 -16"><span class='ocrx_word' id='word_1_291' title='bbox 379 1998 420 2041; x_wconf 71' lang='grc' dir='ltr'>’ῃὲ</span> <span class='ocrx_word' id='word_1_292' title='bbox 435 2007 454 2053; x_wconf 70' lang='lat' dir='ltr'>{j</span> <span class='ocrx_word' id='word_1_293' title='bbox 473 1993 577 2052; x_wconf 59' lang='grc' dir='ltr'>σῖρχῲ</span> <span class='ocrx_word' id='word_1_294' title='bbox 595 1996 645 2036; x_wconf 63' lang='lat' dir='ltr'>oe&#39;u</span> <span class='ocrx_word' id='word_1_295' title='bbox 659 1998 798 2041; x_wconf 67' lang='grc' dir='ltr'>’παντῦς</span> <span class='ocrx_word' id='word_1_296' title='bbox 824 1995 859 2039; x_wconf 62' lang='lat' dir='ltr'>‘&#39;fi‘&#39;</span> <span class='ocrx_word' id='word_1_297' title='bbox 875 1993 1051 2036; x_wconf 63' lang='grc' dir='ltr'>ἁπάντων</span> <span class='ocrx_word' id='word_1_298' title='bbox 1070 1992 1139 2039; x_wconf 65' lang='lat' dir='ltr'>‘nic</span> <span class='ocrx_word' id='word_1_299' title='bbox 1161 1991 1417 2048; x_wconf 68' lang='grc' dir='ltr'>μητξοπῑῖλε-ις</span> <span class='ocrx_word' id='word_1_300' title='bbox 1443 1994 1488 2042; x_wconf 66' lang='grc' dir='ltr'>ὃς</span> <span class='ocrx_word' id='word_1_301' title='bbox 1504 1996 1712 2049; x_wconf 57' lang='grc' dir='ltr'>οἰναγχᾳῗᾶν</span> <span class='ocrx_word' id='word_1_302' title='bbox 1727 2014 1758 2039; x_wconf 82' lang='grc' dir='ltr'>τι</span> <span class='ocrx_word' id='word_1_303' title='bbox 1772 1997 1911 2053; x_wconf 61' lang='grc' dir='ltr'>φύσεως</span> <span class='ocrx_word' id='word_1_304' title='bbox 1939 1997 2044 2053; x_wconf 71' lang='grc' dir='ltr'>νόμι-</span> 
     </span>
     <span class='ocr_line' id='line_1_32' title="bbox 378 2053 2043 2115; baseline -0.003 -4"><span class='ocrx_word' id='word_1_305' title='bbox 378 2077 446 2115; x_wconf 61' lang='lat'>1⁴49»</span> <span class='ocrx_word' id='word_1_306' title='bbox 462 2058 525 2103; x_wconf 68' lang='grc' dir='ltr'>ἕπ</span> <span class='ocrx_word' id='word_1_307' title='bbox 542 2058 674 2111; x_wconf 67' lang='grc' dir='ltr'><em>οἱλτθὲς</em></span> <span class='ocrx_word' id='word_1_308' title='bbox 687 2053 758 2100; x_wconf 59' lang='grc' dir='ltr'>κ”π</span> <span class='ocrx_word' id='word_1_309' title='bbox 775 2054 916 2111; x_wconf 60' lang='grc' dir='ltr'>ἆῖκαςον</span> <span class='ocrx_word' id='word_1_310' title='bbox 932 2058 1054 2107; x_wconf 70' lang='grc' dir='ltr'>ἦξιὲπ</span> <span class='ocrx_word' id='word_1_311' title='bbox 1069 2055 1142 2110; x_wconf 61' lang='grc' dir='ltr'>ἐφ’</span> <span class='ocrx_word' id='word_1_312' title='bbox 1157 2056 1272 2113; x_wconf 61' lang='lat' dir='ltr'>›ip-531*-</span> <span class='ocrx_word' id='word_1_313' title='bbox 1305 2068 1356 2105; x_wconf 81' lang='lat' dir='ltr'>Vt</span> <span class='ocrx_word' id='word_1_314' title='bbox 1383 2067 1534 2107; x_wconf 78' lang='lat' dir='ltr'>omnino</span> <span class='ocrx_word' id='word_1_315' title='bbox 1549 2068 1727 2108; x_wconf 86' lang='lat' dir='ltr'>matrices</span> <span class='ocrx_word' id='word_1_316' title='bbox 1758 2066 1868 2107; x_wconf 76' lang='lat' dir='ltr'>urbes</span> <span class='ocrx_word' id='word_1_317' title='bbox 1896 2064 2043 2108; x_wconf 68' lang='lat' dir='ltr'>coloniis</span> 
     </span>
     <span class='ocr_line' id='line_1_33' title="bbox 378 2122 2042 2188; baseline -0.002 -17"><span class='ocrx_word' id='word_1_318' title='bbox 378 2134 560 2186; x_wconf 79' lang='lat' dir='ltr'>imperent</span> <span class='ocrx_word' id='word_1_319' title='bbox 579 2161 591 2180; x_wconf 82' lang='lat'>‚</span> <span class='ocrx_word' id='word_1_320' title='bbox 625 2124 735 2185; x_wconf 80' lang='lat' dir='ltr'>quast</span> <span class='ocrx_word' id='word_1_321' title='bbox 749 2138 895 2169; x_wconf 68' lang='lat' dir='ltr'>natura</span> <span class='ocrx_word' id='word_1_322' title='bbox 914 2125 987 2183; x_wconf 82' lang='lat' dir='ltr'>lege</span> <span class='ocrx_word' id='word_1_323' title='bbox 1007 2158 1020 2178; x_wconf 86' lang='lat'>,</span> <span class='ocrx_word' id='word_1_324' title='bbox 1047 2122 1091 2165; x_wconf 82' lang='lat' dir='ltr'>id</span> <span class='ocrx_word' id='word_1_325' title='bbox 1116 2139 1207 2167; x_wconf 80' lang='lat' dir='ltr'>vero</span> <span class='ocrx_word' id='word_1_326' title='bbox 1222 2139 1287 2167; x_wconf 80' lang='lat' dir='ltr'>nos</span> <span class='ocrx_word' id='word_1_327' title='bbox 1313 2139 1429 2184; x_wconf 71' lang='lat' dir='ltr'>neque</span> <span class='ocrx_word' id='word_1_328' title='bbox 1455 2141 1592 2169; x_wconf 80' lang='lat' dir='ltr'>verum</span> <span class='ocrx_word' id='word_1_329' title='bbox 1616 2142 1734 2187; x_wconf 79' lang='lat' dir='ltr'>neque</span> <span class='ocrx_word' id='word_1_330' title='bbox 1765 2142 1909 2188; x_wconf 73' lang='lat' dir='ltr'>equum</span> <span class='ocrx_word' id='word_1_331' title='bbox 1937 2126 2042 2171; x_wconf 78' lang='lat' dir='ltr'>arbi·</span> 
     </span>
     <span class='ocr_line' id='line_1_34' title="bbox 374 2205 544 2233; baseline -0.024 0"><span class='ocrx_word' id='word_1_332' title='bbox 374 2205 544 2233; x_wconf 67' lang='lat' dir='ltr'>tVamuV.</span> 
     </span>
    </p>
   </div>
   <div class='ocr_carea' id='block_1_6' title="bbox 369 2243 2040 3441">
    <p class='ocr_par' dir='ltr' id='par_1_8' title="bbox 370 2243 2040 2546">
     <span class='ocr_line' id='line_1_35' title="bbox 441 2243 2035 2309; baseline 0.001 -14"><span class='ocrx_word' id='word_1_333' title='bbox 441 2247 491 2295; x_wconf 86' lang='lat' dir='ltr'>X</span> <span class='ocrx_word' id='word_1_334' title='bbox 509 2247 545 2293; x_wconf 92' lang='lat' dir='ltr'>I.</span> <span class='ocrx_word' id='word_1_335' title='bbox 581 2244 769 2294; x_wconf 85' lang='lat' dir='ltr'>Nobilis</span> <span class='ocrx_word' id='word_1_336' title='bbox 787 2246 848 2292; x_wconf 86' lang='lat' dir='ltr'>est</span> <span class='ocrx_word' id='word_1_337' title='bbox 866 2245 913 2290; x_wconf 88' lang='lat'>&amp;</span> <span class='ocrx_word' id='word_1_338' title='bbox 931 2243 1006 2290; x_wconf 88' lang='lat' dir='ltr'>illa</span> <span class='ocrx_word' id='word_1_339' title='bbox 1023 2243 1203 2306; x_wconf 84' lang='lat' dir='ltr'>quaestio</span> <span class='ocrx_word' id='word_1_340' title='bbox 1228 2243 1347 2309; x_wconf 88' lang='lat' dir='ltr'>apud</span> <span class='ocrx_word' id='word_1_341' title='bbox 1366 2245 1602 2295; x_wconf 85' lang='lat' dir='ltr'>historicos</span> <span class='ocrx_word' id='word_1_342' title='bbox 1619 2248 1668 2294; x_wconf 83' lang='lat'>&amp;</span> <span class='ocrx_word' id='word_1_343' title='bbox 1682 2245 2035 2306; x_wconf 85' lang='lat' dir='ltr'>Iurisconsultos,</span> 
     </span>
     <span class='ocr_line' id='line_1_36' title="bbox 372 2306 2036 2372; baseline 0.001 -14"><span class='ocrx_word' id='word_1_344' title='bbox 372 2311 432 2358; x_wconf 91' lang='lat' dir='ltr'>de</span> <span class='ocrx_word' id='word_1_345' title='bbox 452 2313 519 2358; x_wconf 89' lang='lat' dir='ltr'>his</span> <span class='ocrx_word' id='word_1_346' title='bbox 535 2326 631 2372; x_wconf 85' lang='lat' dir='ltr'>quae</span> <span class='ocrx_word' id='word_1_347' title='bbox 647 2310 846 2356; x_wconf 79' lang='lat' dir='ltr'>Romani</span> <span class='ocrx_word' id='word_1_348' title='bbox 867 2309 1044 2371; x_wconf 82' lang='lat' dir='ltr'>imperii</span> <span class='ocrx_word' id='word_1_349' title='bbox 1062 2306 1246 2355; x_wconf 83' lang='lat' dir='ltr'>fuerunt</span> <span class='ocrx_word' id='word_1_350' title='bbox 1272 2312 1399 2363; x_wconf 76' lang='lat' dir='ltr'>cujus</span> <span class='ocrx_word' id='word_1_351' title='bbox 1426 2326 1539 2357; x_wconf 89' lang='lat' dir='ltr'>nunc</span> <span class='ocrx_word' id='word_1_352' title='bbox 1554 2311 1666 2360; x_wconf 74' lang='lat' dir='ltr'>sint:</span> <span class='ocrx_word' id='word_1_353' title='bbox 1703 2311 1831 2358; x_wconf 81' lang='lat' dir='ltr'>multi</span> <span class='ocrx_word' id='word_1_354' title='bbox 1852 2327 1904 2359; x_wconf 89' lang='lat' dir='ltr'>ea</span> <span class='ocrx_word' id='word_1_355' title='bbox 1921 2327 2036 2359; x_wconf 85' lang='lat' dir='ltr'>nunc</span> 
     </span>
     <span class='ocr_line' id='line_1_37' title="bbox 372 2370 2040 2438; baseline 0.001 -17"><span class='ocrx_word' id='word_1_356' title='bbox 372 2375 456 2421; x_wconf 73' lang='lat' dir='ltr'>effe</span> <span class='ocrx_word' id='word_1_357' title='bbox 475 2374 634 2421; x_wconf 80' lang='lat' dir='ltr'>volunt</span> <span class='ocrx_word' id='word_1_358' title='bbox 651 2372 909 2421; x_wconf 85' lang='lat' dir='ltr'>Germanici</span> <span class='ocrx_word' id='word_1_359' title='bbox 937 2370 1027 2417; x_wconf 83' lang='lat' dir='ltr'>five</span> <span class='ocrx_word' id='word_1_360' title='bbox 1044 2372 1168 2436; x_wconf 77' lang='lat' dir='ltr'>regni</span> <span class='ocrx_word' id='word_1_361' title='bbox 1189 2410 1200 2427; x_wconf 83' lang='lat'><strong>‚</strong></span> <span class='ocrx_word' id='word_1_362' title='bbox 1230 2386 1280 2418; x_wconf 90' lang='lat' dir='ltr'>ut</span> <span class='ocrx_word' id='word_1_363' title='bbox 1304 2372 1417 2419; x_wconf 87' lang='lat' dir='ltr'>olim</span> <span class='ocrx_word' id='word_1_364' title='bbox 1433 2372 1684 2421; x_wconf 87' lang='lat' dir='ltr'>vocabatur</span> <span class='ocrx_word' id='word_1_365' title='bbox 1701 2412 1714 2430; x_wconf 92' lang='lat'>,</span> <span class='ocrx_word' id='word_1_366' title='bbox 1749 2373 1838 2421; x_wconf 83' lang='lat' dir='ltr'>five</span> <span class='ocrx_word' id='word_1_367' title='bbox 1856 2373 2040 2438; x_wconf 83' lang='lat' dir='ltr'>imperii</span> 
     </span>
     <span class='ocr_line' id='line_1_38' title="bbox 370 2431 2040 2546; baseline 0 -62"><span class='ocrx_word' id='word_1_368' title='bbox 370 2440 503 2546; x_wconf 50' lang='lat' dir='ltr'>pitro</span> <span class='ocrx_word' id='word_1_369' title='bbox 523 2451 676 2483; x_wconf 80' lang='lat' dir='ltr'>autem</span> <span class='ocrx_word' id='word_1_370' title='bbox 696 2437 880 2482; x_wconf 86' lang='lat' dir='ltr'>nomine</span> <span class='ocrx_word' id='word_1_371' title='bbox 908 2432 1103 2496; x_wconf 79' lang='lat' dir='ltr'><strong>appelles</strong></span> <span class='ocrx_word' id='word_1_372' title='bbox 1133 2434 1190 2480; x_wconf 85' lang='lat' dir='ltr'>ad</span> <span class='ocrx_word' id='word_1_373' title='bbox 1220 2450 1317 2481; x_wconf 87' lang='lat' dir='ltr'>rem</span> <span class='ocrx_word' id='word_1_374' title='bbox 1348 2451 1439 2482; x_wconf 92' lang='lat' dir='ltr'>non</span> <span class='ocrx_word' id='word_1_375' title='bbox 1456 2435 1597 2483; x_wconf 85' lang='lat' dir='ltr'><strong>refert</strong></span> <span class='ocrx_word' id='word_1_376' title='bbox 1618 2440 1633 2496; x_wconf 95' lang='lat'>)</span> <span class='ocrx_word' id='word_1_377' title='bbox 1670 2437 1720 2483; x_wconf 75' lang='grc' dir='ltr'>δε</span> <span class='ocrx_word' id='word_1_378' title='bbox 1736 2431 2040 2501; x_wconf 87' lang='lat' dir='ltr'>nescioquam</span> 
     </span>
    </p>

    <p class='ocr_par' dir='ltr' id='par_1_9' title="bbox 392 2496 2038 2565">
     <span class='ocr_line' id='line_1_39' title="bbox 392 2496 2038 2565; baseline 0 -18"><span class='ocrx_word' id='word_1_379' title='bbox 392 2501 737 2565; x_wconf 83' lang='lat' dir='ltr'>urrogationem</span> <span class='ocrx_word' id='word_1_380' title='bbox 766 2498 898 2556; x_wconf 85' lang='lat' dir='ltr'>hujus</span> <span class='ocrx_word' id='word_1_381' title='bbox 914 2497 1094 2559; x_wconf 86' lang='lat' dir='ltr'>imperii</span> <span class='ocrx_word' id='word_1_382' title='bbox 1123 2497 1166 2543; x_wconf 90' lang='lat' dir='ltr'>in</span> <span class='ocrx_word' id='word_1_383' title='bbox 1200 2496 1317 2545; x_wconf 82' lang='lat' dir='ltr'>illius</span> <span class='ocrx_word' id='word_1_384' title='bbox 1333 2497 1486 2545; x_wconf 89' lang='lat' dir='ltr'>locum</span> <span class='ocrx_word' id='word_1_385' title='bbox 1503 2498 1583 2546; x_wconf 82' lang='lat' dir='ltr'>fibi</span> <span class='ocrx_word' id='word_1_386' title='bbox 1601 2500 1860 2563; x_wconf 78' lang='lat' dir='ltr'>confingunt</span> <span class='ocrx_word' id='word_1_387' title='bbox 1880 2539 1892 2557; x_wconf 91' lang='lat'>‚</span> <span class='ocrx_word' id='word_1_388' title='bbox 1931 2516 2038 2547; x_wconf 85' lang='lat' dir='ltr'>curn</span> 
     </span>
    </p>

    <p class='ocr_par' dir='ltr' id='par_1_10' title="bbox 369 2559 2039 3441">
     <span class='ocr_line' id='line_1_40' title="bbox 372 2559 2032 2624; baseline 0 -15"><span class='ocrx_word' id='word_1_389' title='bbox 372 2578 524 2609; x_wconf 86' lang='lat' dir='ltr'>tamen</span> <span class='ocrx_word' id='word_1_390' title='bbox 542 2578 703 2609; x_wconf 87' lang='lat' dir='ltr'>notum</span> <span class='ocrx_word' id='word_1_391' title='bbox 714 2560 817 2608; x_wconf 86' lang='lat' dir='ltr'>satis</span> <span class='ocrx_word' id='word_1_392' title='bbox 834 2559 884 2606; x_wconf 87' lang='lat' dir='ltr'>fit</span> <span class='ocrx_word' id='word_1_393' title='bbox 900 2559 1197 2610; x_wconf 82' lang='lat' dir='ltr'>Germaniam</span> <span class='ocrx_word' id='word_1_394' title='bbox 1219 2575 1431 2624; x_wconf 84' lang='lat' dir='ltr'>magnam</span> <span class='ocrx_word' id='word_1_395' title='bbox 1447 2600 1459 2617; x_wconf 89' lang='lat'>‚</span> <span class='ocrx_word' id='word_1_396' title='bbox 1492 2561 1540 2608; x_wconf 91' lang='lat' dir='ltr'>id</span> <span class='ocrx_word' id='word_1_397' title='bbox 1552 2561 1615 2609; x_wconf 90' lang='lat' dir='ltr'>est</span> <span class='ocrx_word' id='word_1_398' title='bbox 1630 2561 2032 2613; x_wconf 86' lang='lat' dir='ltr'>Transrhenanam,</span> 
     </span>
     <span class='ocr_line' id='line_1_41' title="bbox 371 2620 2039 2688; baseline 0 -15"><span class='ocrx_word' id='word_1_399' title='bbox 371 2640 519 2673; x_wconf 87' lang='lat' dir='ltr'>totam</span> <span class='ocrx_word' id='word_1_400' title='bbox 532 2627 734 2672; x_wconf 80' lang='lat' dir='ltr'>maxima</span> <span class='ocrx_word' id='word_1_401' title='bbox 753 2623 976 2683; x_wconf 83' lang='lat' dir='ltr'>temporis</span> <span class='ocrx_word' id='word_1_402' title='bbox 993 2637 1124 2684; x_wconf 88' lang='lat' dir='ltr'>parte</span> <span class='ocrx_word' id='word_1_403' title='bbox 1140 2620 1264 2670; x_wconf 81' lang='lat' dir='ltr'>fuisse</span> <span class='ocrx_word' id='word_1_404' title='bbox 1288 2639 1416 2672; x_wconf 80' lang='lat' dir='ltr'>extra</span> <span class='ocrx_word' id='word_1_405' title='bbox 1431 2626 1723 2688; x_wconf 78' lang='lat' dir='ltr'>complexum</span> <span class='ocrx_word' id='word_1_406' title='bbox 1738 2625 1932 2673; x_wconf 85' lang='lat' dir='ltr'>Rotnani</span> <span class='ocrx_word' id='word_1_407' title='bbox 1950 2627 2039 2673; x_wconf 88' lang='lat' dir='ltr'>im-</span> 
     </span>
     <span class='ocr_line' id='line_1_42' title="bbox 372 2685 2039 2751; baseline 0 -16"><span class='ocrx_word' id='word_1_408' title='bbox 372 2691 501 2751; x_wconf 88' lang='lat' dir='ltr'>perii.</span> <span class='ocrx_word' id='word_1_409' title='bbox 538 2689 658 2735; x_wconf 86' lang='lat' dir='ltr'>Mihi</span> <span class='ocrx_word' id='word_1_410' title='bbox 678 2703 771 2734; x_wconf 90' lang='lat' dir='ltr'>non</span> <span class='ocrx_word' id='word_1_411' title='bbox 790 2685 1096 2749; x_wconf 85' lang='lat' dir='ltr'>praesumenda</span> <span class='ocrx_word' id='word_1_412' title='bbox 1113 2685 1294 2733; x_wconf 86' lang='lat' dir='ltr'>videtur</span> <span class='ocrx_word' id='word_1_413' title='bbox 1305 2690 1499 2735; x_wconf 90' lang='lat' dir='ltr'>mutatio</span> <span class='ocrx_word' id='word_1_414' title='bbox 1516 2704 1593 2736; x_wconf 86' lang='lat' dir='ltr'>aut</span> <span class='ocrx_word' id='word_1_415' title='bbox 1606 2687 1830 2736; x_wconf 88' lang='lat' dir='ltr'>transsatio</span> <span class='ocrx_word' id='word_1_416' title='bbox 1845 2689 1921 2736; x_wconf 73' lang='lat' dir='ltr'>nisi</span> <span class='ocrx_word' id='word_1_417' title='bbox 1936 2703 2039 2735; x_wconf 83' lang='lat' dir='ltr'>cer-</span> 
     </span>
     <span class='ocr_line' id='line_1_43' title="bbox 372 2746 2037 2815; baseline 0.001 -19"><span class='ocrx_word' id='word_1_418' title='bbox 372 2753 430 2799; x_wconf 81' lang='lat' dir='ltr'>tis</span> <span class='ocrx_word' id='word_1_419' title='bbox 461 2751 747 2799; x_wconf 77' lang='lat' dir='ltr'>documentis</span> <span class='ocrx_word' id='word_1_420' title='bbox 777 2746 1009 2812; x_wconf 80' lang='lat' dir='ltr'>probetur.</span> <span class='ocrx_word' id='word_1_421' title='bbox 1047 2750 1201 2814; x_wconf 79' lang='lat' dir='ltr'>Qre</span> <span class='ocrx_word' id='word_1_422' title='bbox 1233 2749 1282 2795; x_wconf 72' lang='grc' dir='ltr'>δε</span> <span class='ocrx_word' id='word_1_423' title='bbox 1310 2750 1526 2815; x_wconf 89' lang='lat' dir='ltr'>populum</span> <span class='ocrx_word' id='word_1_424' title='bbox 1555 2751 1813 2798; x_wconf 83' lang='lat' dir='ltr'>Romanum</span> <span class='ocrx_word' id='word_1_425' title='bbox 1841 2750 2037 2798; x_wconf 86' lang='lat' dir='ltr'>eundem</span> 
     </span>
     <span class='ocr_line' id='line_1_44' title="bbox 374 2809 2036 2876; baseline 0.001 -17"><span class='ocrx_word' id='word_1_426' title='bbox 374 2814 456 2860; x_wconf 77' lang='lat' dir='ltr'>effe</span> <span class='ocrx_word' id='word_1_427' title='bbox 473 2814 596 2870; x_wconf 84' lang='lat' dir='ltr'>dico,</span> <span class='ocrx_word' id='word_1_428' title='bbox 612 2815 687 2876; x_wconf 89' lang='lat' dir='ltr'>qui</span> <span class='ocrx_word' id='word_1_429' title='bbox 705 2813 817 2859; x_wconf 88' lang='lat' dir='ltr'>olim</span> <span class='ocrx_word' id='word_1_430' title='bbox 834 2809 922 2857; x_wconf 89' lang='lat' dir='ltr'>fuit</span> <span class='ocrx_word' id='word_1_431' title='bbox 942 2848 954 2867; x_wconf 86' lang='lat'>,</span> <span class='ocrx_word' id='word_1_432' title='bbox 977 2827 1234 2873; x_wconf 87' lang='lat' dir='ltr'>quanquam</span> <span class='ocrx_word' id='word_1_433' title='bbox 1251 2827 1570 2863; x_wconf 78' lang='lat' dir='ltr'>extraneorum</span> <span class='ocrx_word' id='word_1_434' title='bbox 1589 2813 1836 2861; x_wconf 74' lang='lat' dir='ltr'>accessione</span> <span class='ocrx_word' id='word_1_435' title='bbox 1854 2813 2036 2861; x_wconf 80' lang='lat' dir='ltr'>admix-</span> 
     </span>
     <span class='ocr_line' id='line_1_45' title="bbox 372 2875 2036 2942; baseline 0 -19"><span class='ocrx_word' id='word_1_436' title='bbox 372 2890 470 2923; x_wconf 84' lang='lat' dir='ltr'>tum</span> <span class='ocrx_word' id='word_1_437' title='bbox 491 2915 501 2933; x_wconf 82' lang='lat'>‚</span> <span class='ocrx_word' id='word_1_438' title='bbox 540 2880 587 2923; x_wconf 87' lang='lat'>&amp;</span> <span class='ocrx_word' id='word_1_439' title='bbox 604 2877 847 2938; x_wconf 83' lang='lat' dir='ltr'>imperium</span> <span class='ocrx_word' id='word_1_440' title='bbox 875 2890 1010 2936; x_wconf 87' lang='lat' dir='ltr'>penes</span> <span class='ocrx_word' id='word_1_441' title='bbox 1038 2889 1142 2921; x_wconf 89' lang='lat' dir='ltr'>eum</span> <span class='ocrx_word' id='word_1_442' title='bbox 1160 2875 1355 2923; x_wconf 78' lang='lat' dir='ltr'>manfiffe</span> <span class='ocrx_word' id='word_1_443' title='bbox 1374 2915 1386 2932; x_wconf 92' lang='lat'>‚</span> <span class='ocrx_word' id='word_1_444' title='bbox 1417 2891 1629 2940; x_wconf 79' lang='lat' dir='ltr'>tanquam</span> <span class='ocrx_word' id='word_1_445' title='bbox 1648 2892 1786 2942; x_wconf 90' lang='lat' dir='ltr'>penes</span> <span class='ocrx_word' id='word_1_446' title='bbox 1802 2892 1970 2940; x_wconf 88' lang='lat' dir='ltr'>corpus</span> <span class='ocrx_word' id='word_1_447' title='bbox 1988 2877 2036 2923; x_wconf 90' lang='lat' dir='ltr'>in</span> 
     </span>
     <span class='ocr_line' id='line_1_46' title="bbox 372 2934 2037 3004; baseline -0.001 -18"><span class='ocrx_word' id='word_1_448' title='bbox 372 2955 466 3001; x_wconf 86' lang='lat' dir='ltr'>quo</span> <span class='ocrx_word' id='word_1_449' title='bbox 483 2939 651 2986; x_wconf 74' lang='lat' dir='ltr'>effetae</span> <span class='ocrx_word' id='word_1_450' title='bbox 669 2941 858 2985; x_wconf 81' lang='lat' dir='ltr'>viveret.</span> <span class='ocrx_word' id='word_1_451' title='bbox 893 2934 1021 2985; x_wconf 87' lang='lat' dir='ltr'>Nam</span> <span class='ocrx_word' id='word_1_452' title='bbox 1039 2953 1133 3000; x_wconf 81' lang='lat' dir='ltr'>quae</span> <span class='ocrx_word' id='word_1_453' title='bbox 1149 2937 1261 2984; x_wconf 88' lang='lat' dir='ltr'>olim</span> <span class='ocrx_word' id='word_1_454' title='bbox 1287 2943 1380 2996; x_wconf 81' lang='lat' dir='ltr'>jure</span> <span class='ocrx_word' id='word_1_455' title='bbox 1394 2941 1542 3000; x_wconf 82' lang='lat' dir='ltr'>potuit</span> <span class='ocrx_word' id='word_1_456' title='bbox 1561 2938 1711 2986; x_wconf 85' lang='lat' dir='ltr'>facere</span> <span class='ocrx_word' id='word_1_457' title='bbox 1727 2940 1919 3004; x_wconf 88' lang='lat' dir='ltr'>populus</span> <span class='ocrx_word' id='word_1_458' title='bbox 1934 2938 2037 2985; x_wconf 86' lang='lat' dir='ltr'>Ro-</span> 
     </span>
     <span class='ocr_line' id='line_1_47' title="bbox 370 2998 2036 3067; baseline 0.001 -20"><span class='ocrx_word' id='word_1_459' title='bbox 370 3018 528 3048; x_wconf 76' lang='lat' dir='ltr'>manus</span> <span class='ocrx_word' id='word_1_460' title='bbox 544 3017 783 3063; x_wconf 78' lang='lat' dir='ltr'>antequam</span> <span class='ocrx_word' id='word_1_461' title='bbox 802 2999 1106 3062; x_wconf 85' lang='lat' dir='ltr'>Imperatores</span> <span class='ocrx_word' id='word_1_462' title='bbox 1120 2998 1321 3048; x_wconf 84' lang='lat' dir='ltr'>Romani</span> <span class='ocrx_word' id='word_1_463' title='bbox 1333 3017 1569 3067; x_wconf 83' lang='lat' dir='ltr'>regnarent</span> <span class='ocrx_word' id='word_1_464' title='bbox 1589 3042 1600 3059; x_wconf 87' lang='lat'>‚</span> <span class='ocrx_word' id='word_1_465' title='bbox 1619 3002 1742 3049; x_wconf 87' lang='lat' dir='ltr'>idem</span> <span class='ocrx_word' id='word_1_466' title='bbox 1758 3001 1950 3049; x_wconf 88' lang='lat' dir='ltr'>faciendi</span> <span class='ocrx_word' id='word_1_467' title='bbox 1963 3004 2036 3063; x_wconf 85' lang='lat' dir='ltr'>jus</span> 
     </span>
     <span class='ocr_line' id='line_1_48' title="bbox 370 3063 2037 3126; baseline -0.001 -15"><span class='ocrx_word' id='word_1_468' title='bbox 370 3064 525 3112; x_wconf 87' lang='lat' dir='ltr'>habuit</span> <span class='ocrx_word' id='word_1_469' title='bbox 544 3103 555 3120; x_wconf 90' lang='lat'>,</span> <span class='ocrx_word' id='word_1_470' title='bbox 572 3081 620 3110; x_wconf 78' lang='lat' dir='ltr'>ut</span> <span class='ocrx_word' id='word_1_471' title='bbox 635 3063 816 3124; x_wconf 74' lang='lat' dir='ltr'>quisque</span> <span class='ocrx_word' id='word_1_472' title='bbox 835 3063 1093 3126; x_wconf 83' lang='lat' dir='ltr'>Imperator</span> <span class='ocrx_word' id='word_1_473' title='bbox 1112 3078 1318 3111; x_wconf 89' lang='lat' dir='ltr'>mortuus</span> <span class='ocrx_word' id='word_1_474' title='bbox 1334 3080 1430 3112; x_wconf 90' lang='lat' dir='ltr'>erat</span> <span class='ocrx_word' id='word_1_475' title='bbox 1448 3105 1460 3122; x_wconf 79' lang='lat'>,</span> <span class='ocrx_word' id='word_1_476' title='bbox 1478 3066 1568 3113; x_wconf 84' lang='lat' dir='ltr'>alio</span> <span class='ocrx_word' id='word_1_477' title='bbox 1589 3065 1790 3112; x_wconf 86' lang='lat' dir='ltr'>nondum</span> <span class='ocrx_word' id='word_1_478' title='bbox 1807 3065 2037 3112; x_wconf 81' lang='lat' dir='ltr'>existente.</span> 
     </span>
     <span class='ocr_line' id='line_1_49' title="bbox 370 3123 2035 3190; baseline 0 -17"><span class='ocrx_word' id='word_1_479' title='bbox 370 3126 475 3173; x_wconf 77' lang='lat' dir='ltr'>Iino</span> <span class='ocrx_word' id='word_1_480' title='bbox 496 3129 543 3172; x_wconf 61' lang='grc' dir='ltr'>ὃ(</span> <span class='ocrx_word' id='word_1_481' title='bbox 560 3128 717 3173; x_wconf 58' lang='lat' dir='ltr'>electio</span> <span class='ocrx_word' id='word_1_482' title='bbox 739 3126 1029 3188; x_wconf 83' lang='lat' dir='ltr'>Imperatoris</span> <span class='ocrx_word' id='word_1_483' title='bbox 1048 3123 1101 3172; x_wconf 89' lang='lat' dir='ltr'>ad</span> <span class='ocrx_word' id='word_1_484' title='bbox 1122 3127 1340 3188; x_wconf 86' lang='lat' dir='ltr'>populum</span> <span class='ocrx_word' id='word_1_485' title='bbox 1358 3127 1610 3190; x_wconf 85' lang='lat' dir='ltr'>pertinebat</span> <span class='ocrx_word' id='word_1_486' title='bbox 1627 3149 1643 3187; x_wconf 83' lang='lat'>3</span> <span class='ocrx_word' id='word_1_487' title='bbox 1677 3129 1725 3174; x_wconf 71' lang='grc' dir='ltr'>ἅτ</span> <span class='ocrx_word' id='word_1_488' title='bbox 1742 3128 1982 3190; x_wconf 88' lang='lat' dir='ltr'>aliquoties</span> <span class='ocrx_word' id='word_1_489' title='bbox 2006 3130 2035 3173; x_wconf 74' lang='grc' dir='ltr'>ἒι</span> 
     </span>
     <span class='ocr_line' id='line_1_50' title="bbox 370 3187 2035 3254; baseline 0 -19"><span class='ocrx_word' id='word_1_490' title='bbox 370 3190 546 3253; x_wconf 82' lang='lat' dir='ltr'>populo</span> <span class='ocrx_word' id='word_1_491' title='bbox 561 3190 585 3216; x_wconf 85' lang='lat'><strong>*</strong></span> <span class='ocrx_word' id='word_1_492' title='bbox 605 3206 684 3251; x_wconf 81' lang='lat' dir='ltr'>per</span> <span class='ocrx_word' id='word_1_493' title='bbox 703 3189 744 3235; x_wconf 86' lang='lat' dir='ltr'>se</span> <span class='ocrx_word' id='word_1_494' title='bbox 765 3228 775 3243; x_wconf 88' lang='lat'>,</span> <span class='ocrx_word' id='word_1_495' title='bbox 812 3203 887 3235; x_wconf 88' lang='lat' dir='ltr'>aut</span> <span class='ocrx_word' id='word_1_496' title='bbox 905 3203 985 3249; x_wconf 83' lang='lat' dir='ltr'>per</span> <span class='ocrx_word' id='word_1_497' title='bbox 1009 3187 1205 3234; x_wconf 81' lang='lat' dir='ltr'>senatum</span> <span class='ocrx_word' id='word_1_498' title='bbox 1227 3189 1339 3237; x_wconf 65' lang='lat' dir='ltr'>facita</span> <span class='ocrx_word' id='word_1_499' title='bbox 1353 3191 1439 3239; x_wconf 88' lang='lat' dir='ltr'>est:</span> <span class='ocrx_word' id='word_1_500' title='bbox 1467 3209 1561 3254; x_wconf 84' lang='lat' dir='ltr'>quae</span> <span class='ocrx_word' id='word_1_501' title='bbox 1580 3194 1768 3238; x_wconf 73' lang='lat' dir='ltr'>autema</span> <span class='ocrx_word' id='word_1_502' title='bbox 1782 3189 2035 3253; x_wconf 83' lang='lat' dir='ltr'>legionibus</span> 
     </span>
     <span class='ocr_line' id='line_1_51' title="bbox 372 3249 2035 3313; baseline 0 -17"><span class='ocrx_word' id='word_1_503' title='bbox 372 3252 522 3298; x_wconf 83' lang='lat' dir='ltr'>modo</span> <span class='ocrx_word' id='word_1_504' title='bbox 542 3254 608 3299; x_wconf 88' lang='lat' dir='ltr'>his</span> <span class='ocrx_word' id='word_1_505' title='bbox 630 3293 639 3308; x_wconf 82' lang='lat'>,</span> <span class='ocrx_word' id='word_1_506' title='bbox 669 3251 819 3297; x_wconf 88' lang='lat' dir='ltr'>modo</span> <span class='ocrx_word' id='word_1_507' title='bbox 839 3251 922 3296; x_wconf 87' lang='lat' dir='ltr'>illis</span> <span class='ocrx_word' id='word_1_508' title='bbox 945 3249 1110 3297; x_wconf 80' lang='lat' dir='ltr'>fiebant</span> <span class='ocrx_word' id='word_1_509' title='bbox 1123 3251 1363 3301; x_wconf 67' lang='lat' dir='ltr'>electiones</span> <span class='ocrx_word' id='word_1_510' title='bbox 1384 3293 1394 3310; x_wconf 95' lang='lat'>,</span> <span class='ocrx_word' id='word_1_511' title='bbox 1417 3271 1506 3302; x_wconf 85' lang='lat' dir='ltr'>non</span> <span class='ocrx_word' id='word_1_512' title='bbox 1523 3269 1650 3301; x_wconf 87' lang='lat' dir='ltr'>erant</span> <span class='ocrx_word' id='word_1_513' title='bbox 1666 3270 1766 3300; x_wconf 83' lang='lat' dir='ltr'>ratae</span> <span class='ocrx_word' id='word_1_514' title='bbox 1782 3270 1840 3300; x_wconf 84' lang='lat' dir='ltr'>ex</span> <span class='ocrx_word' id='word_1_515' title='bbox 1857 3255 1955 3313; x_wconf 84' lang='lat' dir='ltr'>jure</span> <span class='ocrx_word' id='word_1_516' title='bbox 1969 3252 2035 3297; x_wconf 88' lang='lat' dir='ltr'>le-</span> 
     </span>
     <span class='ocr_line' id='line_1_52' title="bbox 369 3312 2025 3380; baseline 0.001 -19"><span class='ocrx_word' id='word_1_517' title='bbox 369 3315 558 3376; x_wconf 80' lang='lat' dir='ltr'>gionum</span> <span class='ocrx_word' id='word_1_518' title='bbox 582 3317 596 3377; x_wconf 92' lang='lat'>(</span> <span class='ocrx_word' id='word_1_519' title='bbox 616 3330 722 3364; x_wconf 76' lang='lat' dir='ltr'>narn</span> <span class='ocrx_word' id='word_1_520' title='bbox 735 3315 780 3365; x_wconf 82' lang='lat' dir='ltr'>in</span> <span class='ocrx_word' id='word_1_521' title='bbox 797 3329 919 3379; x_wconf 84' lang='lat' dir='ltr'>vago</span> <span class='ocrx_word' id='word_1_522' title='bbox 937 3315 1120 3362; x_wconf 84' lang='lat' dir='ltr'>nomine</span> <span class='ocrx_word' id='word_1_523' title='bbox 1133 3317 1202 3376; x_wconf 80' lang='lat' dir='ltr'>jus</span> <span class='ocrx_word' id='word_1_524' title='bbox 1218 3330 1390 3366; x_wconf 85' lang='lat' dir='ltr'>certum</span> <span class='ocrx_word' id='word_1_525' title='bbox 1414 3318 1500 3369; x_wconf 83' lang='lat' dir='ltr'>effe</span> <span class='ocrx_word' id='word_1_526' title='bbox 1515 3333 1610 3366; x_wconf 84' lang='lat' dir='ltr'>non</span> <span class='ocrx_word' id='word_1_527' title='bbox 1626 3318 1840 3380; x_wconf 84' lang='lat' dir='ltr'>poterat)</span> <span class='ocrx_word' id='word_1_528' title='bbox 1874 3312 1948 3360; x_wconf 86' lang='lat' dir='ltr'>sed</span> <span class='ocrx_word' id='word_1_529' title='bbox 1966 3329 2025 3359; x_wconf 77' lang='lat' dir='ltr'>ex</span> 
     </span>
     <span class='ocr_line' id='line_1_53' title="bbox 1859 3387 2025 3441; baseline -0.03 -16"><span class='ocrx_word' id='word_1_530' title='bbox 1859 3387 2025 3441; x_wconf 82' lang='lat' dir='ltr'>appro-</span> 
     </span>
    </p>
   </div>
  </div>
 </body>
</html>
