2380 3917
118 521 161 551 n
185 513 224 548 de
238 514 304 557 tra,

117 571 188 610 cap.
203 570 257 600 10.

110 950 174 985 Pro
185 948 308 985 Cluent-

343 371 417 414 524
755 360 1609 401 nnxvnensttr

343 430 495 479 offerri
513 427 670 483 voluit,
693 443 790 489 quae
803 427 948 474 vitam
963 424 1064 489 ipsis
1075 424 1153 472 sub
1169 425 1407 474 tributaria
1422 427 1691 475 conditione
1714 430 2010 480 concederet«

347 494 545 542 Pertinet
563 493 648 538 huc
666 490 844 537 Senecae
874 487 1045 534 distum
1063 503 1079 535 ἰ
1116 497 1162 534 In
1182 490 1550 551 fingulosskveritas
1582 496 1822 554 imperatoris
1846 485 2009 554 destrin-

346 564 455 620 gitur
469 580 481 602 .·
513 570 556 600 at
574 558 767 615 ncceffim'a
783 558 833 612 est
853 558 970 598 venia
987 585 999 600 .
1029 554 1096 596 ubi
1122 567 1228 597 totus
1243 555 1409 610 descruit
1438 559 1633 602 exercitus.
1671 559 1784 617 Qid
1798 562 1896 604 tollit
1905 562 2009 605 iram

344 623 524 684 sapientis
535 629 552 663 ,Ρ
584 621 615 650 *
634 619 766 662 Turba
775 630 1015 677 peccantum.
1045 613 1104 659 Et
1121 611 1291 660 Lucani
1304 611 1416 660 illud
1435 629 1450 662 ε

618 687 692 724 Tot
703 678 817 738 fimul
826 679 952 740 infesto
959 683 1127 737 juvenes
1139 679 1348 722 occumbere
1365 680 1442 722 leto

618 750 705 802 Sspe
711 744 837 802 fames
848 742 1042 801 pelagique
1052 744 1179 802 furor,
1187 741 1394 803 fitbitazque
1407 743 1522 788 ruinae
1537 778 1551 798 ,

617 812 702 850 Aut
717 808 788 847 cxli
804 820 981 864 terraque
997 806 1082 852 lues,
1102 817 1172 846 aut
1188 804 1316 847 bellica
1336 805 1457 849 clades
1474 837 1487 852 ,

618 875 831 927 Nunquam
842 880 956 926 patna
969 868 1065 927 fuit,

347 943 406 979 Ne
419 937 581 981 nimium
596 932 710 975 multi
731 943 885 989 paenam
894 931 1075 989 subirent
1089 964 1101 979 ,
1123 932 1278 990 sbrticio
1291 943 1514 991 comparata
1535 931 1585 988 cst
1605 963 1616 980 ‚
1646 929 1793 991 inquit
1813 926 2006 978 Cicero,

347 995 571 1042 Sallustius
589 991 646 1040 ad
660 988 882 1037 Caesarem
899 1006 912 1038 2
946 999 1078 1053 Neque
1101 995 1302 1055 quisquam
1317 1008 1354 1037 te
1371 995 1425 1038 ad
1440 995 1605 1039 crudeles
1630 1007 1760 1054 poenas
1775 1012 1850 1039 aus
1867 998 2008 1041 acerba

338 1063 489 1121 judicia
506 1064 672 1106 invocat,
690 1059 828 1114 quibus
838 1060 979 1100 civitas
993 1057 1169 1113 vastatur
1179 1060 1298 1114 magis
1309 1075 1428 1116 quam
1443 1062 1657 1115 corrigitur.

410 1120 459 1167 X
473 1119 514 1166 V
535 1119 638 1166 111.
676 1116 752 1164 De
773 1114 1007 1164 obsidibus
1022 1117 1131 1177 quid
1149 1133 1205 1164 ex
1219 1119 1317 1178 jure
1335 1133 1500 1165 naturae
1518 1115 1799 1165 statuendum
1819 1117 1871 1165 fit
1887 1119 2010 1166 acci-

340 1186 385 1249 pi
417 1182 561 1246 potest
580 1183 706 1229 exiis
725 1197 821 1243 quae
852 1182 896 1227 in
913 1179 1215 1242 superioribus
1237 1180 1358 1228 dicta
1381 1184 1409 1228 ὲ
1437 1180 1569 1228 nobis
1598 1181 1714 1228 sunt.
1749 1179 1882 1228 Olim
1900 1197 2007 1228 curn

339 1247 482 1310 vulgo
499 1247 760 1293 crederetur
788 1243 972 1307 quisque
987 1245 1030 1289 in
1049 1244 1187 1292 vitam
1204 1245 1326 1292 suam
1341 1243 1390 1290 id
1415 1246 1524 1304 juris
1540 1243 1706 1291 habere
1724 1244 1850 1306 quod
1869 1245 1914 1290 in
1934 1260 2007 1292 res

338 1310 446 1358 alias
458 1327 554 1372 quae
570 1312 615 1356 in
637 1308 966 1372 proprietatem
984 1308 1168 1355 veniunt
1187 1347 1198 1364 ‚
1229 1323 1366 1371 atque
1382 1308 1429 1354 id
1442 1309 1513 1369 jus
1528 1306 1740 1355 consensu
1756 1324 1833 1353 aut
1857 1309 2004 1355 tacito

338 1389 417 1421 aut
430 1372 633 1436 expresso
648 1377 675 1419 a
691 1370 868 1434 lingulis
880 1371 1126 1432 pervenisse
1137 1371 1195 1418 ad
1211 1373 1445 1420 civitatem
1462 1408 1472 1422 ‚
1505 1372 1651 1418 minus
1668 1370 1925 1417 mirandum
1941 1370 2006 1418 est

336 1437 370 1484 fi
392 1436 569 1484 obfides
587 1435 802 1500 privatim
829 1434 1044 1480 innoxios
1063 1434 1128 1480 ob
1157 1451 1392 1498 peccatum
1420 1436 1621 1483 civitatis
1649 1449 1804 1481 morte
1819 1432 2006 1482 affestos

339 1499 544 1563 legamus
559 1534 569 1550 ‚
592 1500 682 1547 sive
697 1511 912 1559 tanquam
932 1511 992 1543 ex
1009 1495 1088 1543 suo
1112 1499 1321 1562 peculiari
1343 1497 1555 1546 consensu
1569 1533 1579 1549 .
1609 1497 1700 1544 five
1716 1511 1930 1559 tanquam
1946 1512 2007 1546 ex

344 1562 530 1626 publico
548 1564 621 1609 cui
644 1563 692 1607 δε
714 1558 814 1606 suus
829 1558 1157 1608 includeretur.
1187 1562 1250 1610 At
1268 1562 1504 1626 postquam
1523 1563 1676 1608 verior
1695 1559 1907 1624 sapientia
1919 1574 2007 1608 nos

113 1626 191 1662 Vt&-
208 1625 329 1671 dejure
344 1625 504 1674 docuit
524 1625 779 1673 dominium
793 1623 836 1668 in
849 1623 993 1670 vitam
1009 1623 1118 1671 Deo
1139 1639 1379 1688 exceptum
1400 1664 1411 1683 ,
1425 1624 1622 1688 sequitur
1638 1637 1688 1671 ut
1700 1623 1798 1670 solo
1816 1622 2007 1671 consen-

113 1674 201 1718 belli,

112 1833 188 1868 Lib.
202 1842 232 1868 ι.

218 1686 251 1709 ²¹⁶
265 1683 328 1720 43·
342 1688 390 1737 su
403 1705 539 1736 nemo
557 1691 625 1750 jus
640 1687 852 1748 cuiquam
867 1684 979 1733 dare
995 1687 1133 1757 poffit
1147 1688 1192 1734 in
1206 1704 1344 1736 vitam
1363 1703 1439 1736 aut
1457 1689 1580 1736 [uam
1596 1701 1672 1735 aut
1688 1688 1799 1734 civis
1811 1686 1890 1734 sui.
1921 1687 2006 1734 At-

342 1768 430 1815 que
441 1753 548 1799 ideo
567 1749 748 1798 Narleti
761 1747 889 1796 bono
905 1748 1009 1797 duci
1033 1765 1172 1798 atrox
1186 1752 1328 1798 visum
1347 1753 1406 1799 de
1431 1753 1629 1799 innoxiis
1657 1749 1888 1798 obsidibus
1903 1749 2007 1812 sup-

343 1816 528 1878 plicium
546 1812 719 1862 sumere
735 1825 887 1860 narrat
907 1812 1125 1885 Agathias
1146 1831 1158 1862 :
1191 1814 1251 1861 de
1266 1817 1365 1861 aliis
1388 1815 1488 1863 alii:
1520 1816 1657 1861 etiam
1688 1812 2006 1876 Scipionisex-

114 1883 226 1917 Lama
252 1882 330 1914 libro
345 1878 516 1941 emplo‚
538 1878 614 1948 qui
630 1875 780 1936 ajebat
791 1874 834 1922 fe
848 1892 939 1923 non
953 1894 997 1924 m
1011 1875 1191 1925 obfides
1205 1879 1414 1925 innoxios
1433 1913 1444 1928 ‚
1459 1881 1485 1908 *
1500 1877 1575 1924 secl
1590 1875 1765 1939 inipsos
1784 1877 1861 1938 qui
1876 1875 2006 1923 defe-

114 1938 209 1964 xxv}
225 1937 278 1965 ll·

116 2026 158 2058 M
162 2027 261 2061 moth.

114 2073 184 2108 arb.
198 2086 229 2119 q.
242 2083 273 2119 7.

114 2643 246 2682 laetu.

114 2909 198 2941 »Aen
212 2905 300 2942 [abac.

343 1941 495 1988 cissent
509 1940 763 1988 saeviturum
779 1955 791 1986 :
825 1954 906 1986 nec
922 1939 980 1986 ab
994 1941 1175 1995 inermi,
1192 1940 1271 1989 sed
1289 1950 1347 1988 ab
1363 1954 1541 1988 armato
1555 1939 1682 1987 hoste
1696 1955 1850 2002 poenas
1866 1955 2008 2002 expe-

345 2007 551 2051 titurum.
589 2001 734 2066 Qod
750 2017 905 2049 autem
924 2018 985 2048 ex
1010 2003 1338 2051 recentioribus
1355 2002 1678 2051 Iurisconsultis
1711 2018 1801 2049 non
1823 2003 2009 2067 ignobi-

344 2068 424 2124 les,
440 2069 770 2114 conventiones
788 2065 899 2112 tales
915 2064 1067 2112 valere
1085 2066 1240 2113 dicunt
1256 2066 1286 2114 fi
1306 2067 1511 2115 moribus
1527 2067 1759 2113 firmentur
1779 2103 1789 2121 ‚
1810 2066 1997 2127 accipio,

345 2132 376 2178 fi
407 2133 475 2190 jus
506 2143 671 2176 vocant
688 2126 828 2175 solam
846 2129 1164 2191 impunitatem
1181 2146 1275 2192 quae
1292 2131 1338 2175 in
1356 2131 1447 2177 hoc
1462 2143 1732 2194 argumento
1755 2127 1865 2191 saepe
1879 2129 2005 2176 venit

345 2193 424 2240 sub
443 2193 520 2241 tali
535 2193 718 2239 nomine
738 2207 749 2240 ε
787 2191 847 2238 sm
876 2194 902 2238 a
918 2206 1111 2254 peccato
1123 2194 1347 2239 immunes
1357 2207 1516 2255 putant
1532 2194 1607 2255 qui
1624 2210 1682 2239 ex
1697 2193 2005 2238 conventione

343 2254 440 2304 sola
457 2257 596 2303 vitam
615 2255 820 2302 adimunt
839 2254 967 2301 alicui
989 2294 998 2310 ,
1019 2272 1186 2304 vereor
1195 2271 1253 2302 ne
1269 2257 1316 2301 &
1330 2254 1538 2304 fallantur
1553 2255 1632 2318 ipfi
1652 2296 1664 2312 ,
1687 2256 1737 2301 δε
1752 2253 2004 2317 periculosa

343 2319 613 2366 a11&oritate
630 2319 742 2364 alios
758 2317 932 2367 fallant.
965 2317 1098 2365 Plane
1116 2318 1146 2366 fi
1163 2321 1237 2382 qui
1256 2317 1386 2366 obses
1398 2322 1521 2366 venit
1534 2355 1545 2370 ‚
1562 2318 1625 2365 est
1641 2319 1838 2365 aut'ante
1853 2317 1940 2366 fuit
1956 2318 2004 2366 in

342 2398 533 2429 numero
553 2383 755 2444 graviter
768 2381 1127 2443 delinquentium
1145 2421 1155 2439 ,
1191 2397 1270 2428 aut
1287 2382 1436 2445 postea
1452 2382 1590 2429 fidem
1614 2386 1642 2430 ὲ
1656 2382 1700 2428 se
1717 2382 1874 2429 datam
1891 2383 1937 2428 in
1953 2395 2005 2426 re

342 2461 503 2508 magna
521 2444 683 2492 fefellit
701 2482 712 2499 ,
743 2445 838 2492 fieri
863 2444 1011 2507 potest
1027 2460 1075 2492 ut
1094 2444 1360 2506 supplicium
1389 2446 1549 2506 injuria
1568 2459 1716 2493 vacet.
1748 2445 1810 2492 At
1828 2443 2004 2492 Cloeliae

341 2525 435 2567 quae
453 2510 477 2534 *
507 2524 596 2554 non
617 2507 686 2554 sua
706 2505 864 2571 sponte
880 2507 954 2554 sed
967 2509 1158 2555 civitatis
1172 2507 1280 2570 juffu
1295 2507 1424 2557 obses
1450 2523 1636 2556 venerat
1655 2547 1665 2559 ,
1691 2523 1798 2554 cum
1818 2521 2005 2555 tranato

341 2570 516 2631 Tyberi
530 2569 753 2635 effugisset,
767 2571 886 2634 apud
904 2586 1061 2635 regem
1079 2570 1349 2620 Ethrustum
1368 2589 1460 2619 non
1479 2585 1579 2620 tuta
1592 2571 1736 2619 solum
1755 2569 1831 2618 fed
1848 2571 1897 2617 &
1913 2570 2004 2617 ho-

341 2648 499 2679 norata
515 2635 655 2679 virtus
677 2633 781 2690 fuit,
799 2652 894 2697 quae
913 2634 1031 2681 Livii
1045 2636 1090 2681 in
1107 2636 1192 2683 hac
1205 2651 1256 2681 re
1270 2635 1517 2684 enarranda
1533 2634 1671 2684 verba
1691 2633 1802 2681 sunt.

406 2696 454 2743 X
474 2695 569 2742 IX.
603 2696 719 2744 Illud
745 2698 895 2745 adhuc
909 2697 1171 2745 addendum
1185 2697 1247 2745 est
1259 2738 1270 2756 ‚
1301 2715 1462 2746 omnes
1476 2696 1819 2746 commistiones
1834 2709 1930 2756 quae
1941 2692 2000 2741 ad

337 2760 407 2819 jus
421 2758 780 2821 consequendum
799 2775 875 2808 aut
890 2761 1058 2808 bellum
1074 2761 1323 2809 finiendum
1354 2763 1515 2809 nullius
1533 2762 1630 2808 sunt
1646 2758 1745 2806 usus
1763 2796 1774 2814 ‚
1808 2755 1886 2804 sed
1906 2772 2002 2802 me-

338 2838 434 2869 ram
452 2821 618 2869 habent
636 2824 797 2869 virium
815 2823 1165 2872 ostentationem
1183 2825 1464 2888 propositam
1484 2864 1495 2881 ,
1513 2824 1562 2870 id
1579 2822 1640 2869 est
1663 2858 1671 2871 ,
1703 2834 1752 2867 ut
1769 2819 1913 2867 Graeci
1931 2819 2003 2865 lo-

340 2900 561 2944 quuntur,
591 2881 759 2936 ἔπὶἶειξιν
774 2881 892 2942 ῥώμης·
906 2889 1049 2941 κςῖὴλον
1081 2889 1105 2935 ἦ
1130 2888 1224 2936 affl}
1242 2888 1424 2943 πολεμῖες
1448 2889 1567 2943 3:905!ae
1584 2917 1595 2936 ‚
1627 2886 1677 2931 &
1704 2899 1810 2929 cum
1843 2881 2001 2930 Officio

340 2946 578 2995 Christiani
609 2952 806 2997 hominis
837 2954 886 2997 &
911 2968 1016 2998 cum
1036 2952 1131 3015 ipsa
1148 2953 1428 2998 humanitate
1446 2963 1660 3013 pugnare.
1693 2945 1854 3007 Itaque
1883 2943 2001 2992 serio

337 3012 427 3057 haec
446 3026 596 3057 vetare
614 3012 776 3059 debent
795 3014 992 3062 rectores
1008 3054 1018 3071 ‚
1034 3014 1256 3061 inutiliter
1272 3014 1352 3060 fusi
1371 3013 1589 3076 sanguinis
1602 3011 1827 3056 rationem
1841 3009 1882 3053 ei
1901 3007 2002 3054 red-

339 3073 478 3120 dituri
499 3112 509 3127 ,
530 3077 657 3134 cnjus
674 3078 771 3122 vice
794 3078 995 3140 gladium
1011 3078 1196 3138 gestant.
1234 3079 1416 3139 Qppe
1432 3078 1479 3120 δε
1497 3073 1705 3121 Sallustio
1724 3070 1894 3118 laudati
1913 3072 2002 3117 du-

342 3152 416 3183 ces
431 3136 503 3199 qui
518 3139 749 3186 incruento
763 3143 965 3189 exercitu
983 3129 1222 3187 vi&oriam
1239 3140 1552 3202 deportarent.
1571 3137 1628 3183 Et
1644 3135 1702 3181 de
1719 3132 1869 3181 Cattis
1882 3147 2000 3182 notae

338 3200 514 3246 virtutis
529 3202 701 3263 populo
720 3203 939 3254 Tacitus:
979 3210 1007 3240 *
1029 3210 1110 3251 rari
1128 3205 1297 3263 excursus
1313 3204 1539 3267 &fortuita
1550 3216 1694 3262 pugna.

1765 3453 1998 3502 Annotata
