2380 3917
761 349 1625 393 PROLEGoMnna.

369 425 559 472 nimium
573 421 695 470 colat
714 459 725 477 ,
748 418 824 467 sed
841 417 967 482 quod
985 417 1221 481 perverse:
1255 435 1402 483 neque
1418 433 1578 466 aeterna
1590 419 1714 465 bona
1728 415 1919 463 nimium
1933 415 2039 478 pos-

369 488 517 534 sumus
533 498 744 550 appetere
763 521 774 539 ,
791 496 937 545 neque
951 497 1114 529 aeterna
1128 483 1246 529 mala
1260 483 1449 528 nimium
1469 479 1724 528 formidare
1741 497 1752 529 :
1771 494 1915 542 neque
1930 493 2038 542 pec-

368 565 469 597 cata
486 550 673 596 nimium
692 544 850 592 odiss'e.
887 542 1006 591 Vere
1022 545 1035 590 i
1073 545 1161 592 'tur
1177 549 1204 592 a
1220 545 1373 592 Gellio
1389 543 1579 599 diskum,
1597 544 1682 591 effe
1699 542 1900 607 quaedam
1920 558 2039 604 quo-

369 628 470 659 rum
483 608 802 672 amplitudines
815 605 946 653 nullis
962 607 1036 653 fini
1075 623 1124 654 us
1140 607 1439 655 cohibeantur
1457 646 1468 663 ‚
1491 609 1538 653 &
1559 624 1652 668 quae
1668 621 1839 669 quanto
1856 607 2038 664 majora

367 673 660 735 austioraque
676 671 757 718 {int
774 709 785 726 ‚
816 671 955 716 etiam
971 684 1102 717 tanto
1117 670 1369 718 laudatiora
1385 670 1483 716 sint.
1518 667 1773 716 Lactantius
1789 685 1893 716 cum
1918 669 2038 715 mul-

371 751 471 784 tum
491 737 551 784 de
566 732 794 782 affeffibus
821 731 1080 780 disseruisset
1099 754 1117 793 3
1151 742 1239 780 Non
1258 743 1299 779 in
1314 737 1374 778 his
1386 735 1629 780 moderandis
1647 771 1658 788 ,
1677 733 1837 794 inquit,
1846 737 2038 793 sapientie

367 807 471 846 ratio
488 801 664 858 verfhtur
683 834 695 852 ,
721 798 791 856 fid
802 802 843 841 in
858 797 974 857 causis
993 813 1152 857 eorum3
1187 802 1368 859 quoniam
1382 798 1610 853 extrinsecus
1624 810 1910 841 commoventur
1930 817 1943 839 .·
1974 812 2040 840 nec

371 864 454 923 ipfis
475 859 842 925 potiffimumfi‘enos
868 865 1007 919 imponi
1026 866 1202 910 oportuit,
1221 864 1405 922 quoniam
1438 855 1488 908 θ’
1502 862 1623 917 exigui
1649 863 1794 918 poffunt
1811 864 1852 903 in
1869 862 2039 903 maximo

369 931 534 973 crimine,
555 926 607 980 ό»
620 928 783 967 maximi
804 925 947 982 poffunt
961 925 1024 982 effe
1034 922 1116 981 fine
1127 928 1300 969 erimine.
1315 918 1471 968 Nobis
1488 920 1772 982 propofitum
1788 918 1849 966 est
1868 917 2041 966 Aristo-'-

368 986 506 1034 telem
524 986 681 1048 magni
697 981 850 1030 facere
869 1020 882 1038 ,
901 982 977 1030 scd
992 999 1098 1032 cum
1113 1001 1168 1032 ea
1183 982 1393 1030 libertate
1407 1000 1543 1046 quam
1561 982 1652 1045 ipse
1670 982 1747 1030 fibi
1762 984 1806 1029 in
1822 981 1925 1029 suos
1939 996 2040 1028 ma-

368 1050 530 1096 oistros
544 1049 641 1095 veri
658 1046 810 1094 studio
825 1045 1020 1094 indulsit.
1055 1046 1263 1094 Historiae
1281 1045 1511 1110 duplicem
1530 1046 1696 1094 habent
1715 1045 1936 1108 usum,qui
1953 1059 2040 1091 no-

368 1092 445 1161 siri
463 1112 513 1160 fit
526 1110 784 1174 argumenti
806 1124 932 1156 :nam
948 1111 996 1156 &
1009 1110 1217 1173 exempla
1232 1109 1527 1172 suppeditant,
1546 1110 1595 1155 δε
1613 1109 1793 1168 judicia.
1814 1106 2039 1216 Exemgpla

371 1191 465 1240 quo
479 1174 723 1221 meliorum
739 1171 836 1218 sunt
847 1186 1110 1237 temporum
1127 1189 1176 1219 ac
1196 1172 1489 1234 populorum,
1510 1187 1569 1219 eo
1587 1173 1683 1235 plus
1695 1170 1861 1220 habent
1882 1187 1936 1218 au
1983 1185 2042 1217 o-

368 1239 530 1288 ritatis:
548 1236 658 1284 ideo
674 1237 832 1283 Graeca
848 1237 897 1281 δε
915 1236 1129 1283 Romana
1148 1250 1302 1282 vetera
1316 1235 1486 1284 caeteris
1500 1232 1900 1300 praetulimus.Nec
1917 1235 2042 1295 sper-

369 1300 519 1351 nenda
535 1299 704 1360 judicia
720 1336 733 1354 ,
799 1297 1011 1346 raesertim
1043 1298 1390 1346 consentientia:
1416 1302 1485 1360 jus
1498 1301 1617 1346 enim
1634 1313 1798 1346 naturae
1815 1336 1827 1352 ,
1850 1311 1904 1343 ut
1922 1296 2040 1342 dixi-

370 1381 491 1420 mus,
504 1363 658 1426 aliquo
676 1377 755 1407 mo
793 1377 824 1407 0
843 1362 948 1410 inde
967 1361 1211 1423 probatur:
1228 1363 1298 1421 jus
1317 1375 1429 1409 vero
1446 1362 1648 1424 gentium
1663 1377 1754 1408 non
1766 1359 1824 1406 est
1841 1374 1892 1407 ut
1906 1358 2043 1405 aliter

371 1426 613 1493 probetur.
646 1423 894 1472 Poetarum
928 1426 977 1472 &
1006 1439 1245 1472 oratorum
1276 1423 1494 1473 sententiae
1539 1440 1630 1473 non
1665 1437 1846 1472 tantum
1870 1420 2042 1469 habent

374 1489 586 1555 pondus:
617 1487 666 1533 δε
685 1502 767 1534 nos
788 1487 895 1551 saepe
912 1489 968 1534 iis
994 1489 1165 1535 utimur
1183 1503 1275 1534 non
1292 1501 1388 1534 tam
1404 1502 1454 1534 ut
1469 1488 1575 1534 inde
1594 1486 1872 1534 adstruamus
1881 1483 2041 1541 fidem,

374 1567 511 1616 quam
528 1566 579 1597 ut
591 1551 659 1597 his
675 1565 770 1610 quar
783 1549 935 1598 dicere
949 1550 1176 1599 voluimus
1189 1550 1245 1598 ab
1257 1548 1455 1612 ipsorum
1472 1549 1600 1598 dietis
1616 1550 1784 1613 aliquid
1800 1562 2043 1613 ornamen-

376 1619 412 1664 ti
428 1613 631 1664 accedat.
666 1612 916 1660 Librorum
931 1649 943 1669 ,
981 1630 1098 1676 quos
1123 1618 1149 1661 a
1170 1614 1278 1662 Deo
1297 1615 1434 1661 afflati
1454 1610 1662 1661 homines
1679 1629 1757 1660 aut
1775 1610 2043 1675 scripserunt

375 1695 452 1727 aut
466 1677 735 1742 probarunt,
750 1675 1017 1724 auetoritate
1031 1671 1140 1739 saepe
1152 1690 1274 1733 utor,
1293 1692 1399 1723 cum
1417 1675 1670 1724 discrimine
1687 1676 1878 1739 antiquae
1895 1676 1941 1721 δι
1956 1688 2043 1719 no-

376 1759 441 1790 vae
458 1741 584 1805 legis.
620 1740 866 1802 Antiquam
896 1739 1046 1804 legem
1079 1738 1175 1786 sunt
1201 1741 1277 1804 qui
1311 1754 1474 1804 urgent
1495 1756 1581 1803 pro
1602 1738 1696 1803 ipso
1725 1740 1823 1800 jure
1840 1750 2008 1784 natura:
2026 1751 2043 1785 ε

377 1803 505 1853 haud
521 1802 659 1850 dubie
673 1802 890 1849 mendose
908 1840 920 1854 ,
953 1804 1098 1851 multa
1115 1805 1234 1850 enim
1253 1805 1349 1863 ejus
1360 1803 1546 1851 veniunt
1558 1818 1615 1849 ex
1632 1802 1723 1850 Dei
1736 1800 1972 1849 voluntate
1985 1798 2045 1846 li·-

375 1866 500 1923 bera,
508 1882 604 1928 quae
621 1880 774 1913 tamen
793 1881 898 1912 cum
912 1866 1024 1914 vero
1041 1869 1141 1927 jure
1153 1880 1319 1914 naturae
1335 1882 1562 1929 nunquam
1581 1869 1774 1930 pugnat:
1795 1866 1843 1911 &
1857 1877 2046 1910 eatenus

376 1943 699 1996 argumentum
714 1927 817 1975 inde
834 1927 954 1975 reRe
966 1929 1149 1978 ducitur
1161 1968 1173 1986 ,
1208 1928 1471 1978 dummodo
1496 1924 1817 1993 distinguamus
1834 1939 2044 1974 accurate

376 1996 448 2055 jus
465 1990 707 2055 Dei,qu0d
721 1990 850 2038 Deus
865 2007 947 2053 per
964 1992 1174 2041 homines
1190 1991 1423 2041 interdum
1436 1991 1693 2056 exsequitur
1711 2029 1724 2049 ,
1743 1994 1790 2038 &
1807 1991 1877 2051 jus
1889 1989 2045 2036 homi-

375 2072 486 2104 num
503 2057 620 2102 inter
637 2053 700 2102 se.
734 2052 991 2102 vitavimus
1000 2071 1115 2120 ergo
1132 2071 1350 2120 quantum
1367 2056 1669 2119 potuimuS,&
1684 2051 1802 2102 hunc
1816 2067 2041 2109 errorem,

376 2122 426 2167 &
445 2118 640 2166 alterum
658 2119 699 2164 ei
717 2119 994 2166 contrarium
1014 2156 1027 2171 ,
1041 2121 1116 2182 qui
1128 2118 1228 2182 post
1242 2120 1353 2167 novi
1372 2118 1543 2167 federis
1552 2132 1761 2181 tempora
1779 2116 1945 2163 nullum
1964 2131 2044 2162 an-

374 2182 488 2246 tiqui
505 2179 674 2228 federis
689 2179 816 2228 usum
831 2181 915 2229 esse
930 2197 1071 2246 putat.
1097 2182 1208 2230 Nos
1221 2198 1383 2230 contra
1397 2180 1642 2237 censemus,
1659 2195 1758 2228 turn
1775 2179 1838 2227 ob
1850 2179 1897 2225 id
1913 2176 2043 2241 quod

374 2248 470 2306 jam
487 2243 805 2297 diximus,tum
822 2246 927 2308 quia
941 2246 1049 2292 novi
1067 2244 1236 2293 federis
1246 2261 1300 2294 ea
1317 2245 1379 2293 est
1391 2261 1552 2294 natura
1564 2264 1584 2302 -,
1603 2257 1652 2292 ut
1669 2259 1762 2306 quae
1775 2242 1834 2290 ad
1850 2243 2043 2290 virtutes

375 2323 563 2357 morum
580 2309 853 2371 pertinentia
881 2309 1194 2372 praecipiuntur
1211 2311 1257 2358 in
1275 2311 1421 2358 veteri
1439 2307 1596 2356 federe
1610 2346 1622 2363 ,
1653 2304 1814 2353 eadem
1831 2306 1879 2352 &
1898 2302 2044 2368 ipsum

376 2385 455 2419 aut
473 2373 653 2431 majora
679 2371 926 2434 praecipiat:
963 2372 1012 2418 δε
1028 2375 1148 2419 hunc
1177 2375 1221 2418 in
1238 2371 1434 2420 modum
1459 2369 1561 2418 usos
1587 2368 1854 2417 testimoniis
1871 2366 2045 2428 antiqui

375 2433 549 2481 federis
569 2432 791 2489 videmus,
809 2436 1024 2497 antiquos
1038 2433 1400 2483 Christianorum
1418 2434 1674 2496 scriptores.
1708 2431 1780 2479 Ad
1794 2432 2044 2497 percipien-

378 2498 489 2545 dam
507 2511 661 2543 autem
679 2496 904 2543 librorum
937 2496 996 2543 ad
1015 2499 1245 2560 antiquum
1261 2496 1397 2545 fedus
1423 2496 1748 2560 pertinentium
1764 2493 2042 2550 sententiam,

379 2576 470 2608 non
486 2575 645 2622 parum
672 2557 886 2606 conferre
897 2559 1028 2607 nobis
1042 2561 1218 2624 poffunt
1233 2565 1263 2596 *
1281 2559 1462 2609 Hebraei
1489 2559 1732 2622 scriptores
1750 2596 1764 2614 ,
1798 2559 1828 2604 ii
1843 2558 2044 2604 maxime

379 2625 458 2730 qui
477 2625 524 2668 δε
540 2620 790 2678 sermones,
809 2625 856 2668 &
871 2637 1023 2669 mores
1041 2625 1213 2686 patrios
1230 2623 1480 2671 habuerunt
1500 2622 1777 2688 percognita.
1811 2619 1962 2668 Novo
1976 2618 2042 2666 fe-

419 2701 492 2730 ere
512 2686 554 2730 in
571 2685 661 2731 hoc
681 2698 786 2738 utor
808 2723 817 2739 ,
838 2702 888 2732 ut
908 2685 1103 2733 doceam
1122 2726 1133 2743 ,
1156 2687 1284 2749 quod
1298 2702 1389 2734 non
1406 2684 1580 2734 aliunde
1596 2683 1707 2731 disci
1723 2683 1870 2748 potest
1883 2722 1895 2740 ,
1930 2678 2045 2745 quid.

383 2746 647 2795 Christianis
661 2748 793 2794 liceat
811 2765 821 2794 ;
839 2748 965 2811 quod
985 2747 1126 2811 ipsum
1140 2765 1471 2807 tamen,contra
1484 2765 1620 2810 quam
1638 2746 1840 2810 plerique
1849 2745 2042 2808 faciunt,

380 2813 410 2856 a
427 2811 526 2868 jure
541 2824 705 2857 naturae
723 2809 900 2857 distinxi
919 2826 931 2858 :
960 2827 1047 2873 pro
1065 2827 1192 2859 certo
1208 2812 1376 2861 habens
1393 2814 1436 2860 in
1462 2812 1536 2861 illa
1550 2809 1809 2859 sanffiffima
1825 2810 1927 2873 lege
1941 2824 2043 2855 ma-

383 2875 532 2934 jorem
551 2872 683 2919 nobis
711 2873 1051 2921 sanCtimoniam
1070 2878 1243 2940 praecipi
1260 2914 1272 2933 ,
1312 2892 1446 2939 quam
1471 2869 1615 2923 solum
1635 2885 1717 2938 per
1735 2873 1776 2921 se
1789 2876 1858 2935 jus
1875 2885 2043 2919 naturae

384 2936 554 2999 exigat.
587 2933 754 2997 Neque
773 2950 926 2983 tamen
939 2938 1069 2985 omisi
1085 2952 1246 2986 notare
1261 2977 1272 2995 ,
1287 2937 1315 2985 fi
1333 2955 1418 3001 qua
1436 2937 1533 2986 sunt
1548 2950 1642 2999 quae
1657 2936 1788 2983 nobis
1802 2950 2043 2982 commen-

383 2997 549 3044 dantur
566 3000 712 3062 magis
727 3015 864 3062 quam
882 3002 1197 3064 praecipiuntur
1218 3038 1230 3053 ,
1257 3016 1306 3048 ut
1330 3006 1356 3049 a
1372 3003 1602 3064 praceptis
1616 2999 1840 3047 declinare
1852 2997 2044 3045 sciamus

382 3059 508 3107 nefas
524 3061 572 3106 δε
589 3077 727 3120 poenae
755 3061 1010 3111 obnoxium
1029 3103 1041 3120 ,
1071 3065 1130 3112 ad
1160 3064 1333 3112 summa
1350 3079 1535 3127 qua-que
1550 3061 1824 3109 contendere
1835 3058 2042 3126 generosi

386 3125 470 3171 effe
483 3123 671 3180 consilii,
689 3125 738 3171 &
755 3124 827 3172 sua
843 3141 935 3174 non
951 3128 1134 3175 carituri
1151 3127 1379 3174 mercede.
1401 3125 1821 3188 Synodicicanones
1838 3125 1913 3186 qui
1931 3121 2043 3170 r'effi

385 3188 483 3233 sunt
502 3224 512 3242 ‚
528 3186 819 3236 collectiones
835 3188 931 3237 sunt
944 3208 1004 3239 ex
1019 3190 1300 3255 generalibus
1317 3190 1428 3252 legi-3
1445 3189 1604 3236 divinae
1620 3186 1918 3251 pronuntiatis
1939 3221 1950 3236 ‚
1979 3182 2042 3232 ad

386 3263 438 3294 ea
450 3264 811 3319 quae‘occurrunt
826 3268 997 3318 aptata.
1035 3255 1082 3301 hi
1100 3269 1284 3318 quoque
1303 3268 1380 3300 aut
1398 3251 1642 3300 monstrant
1659 3250 1782 3314 quod
1799 3248 1952 3296 divina
1965 3247 2041 3293 lex

381 3325 593 3373 pra-cipit,
612 3328 687 3360 aut
703 3313 761 3361 ad
779 3313 826 3362 id
845 3317 972 3378 quod
991 3317 1118 3366 Deus
1138 3317 1291 3366 suadet
1304 3318 1556 3364 hortantur.
1589 3314 1648 3364 Et
1660 3317 1750 3363 hoc
1762 3328 1870 3363 vere
1882 3311 2044 3358 Eccle-

383 3372 449 3422 fiae
468 3374 728 3427 Christianae
740 3376 803 3428 est
814 3379 1036 3441 officium,
1056 3397 1110 3432 ea
1128 3398 1221 3446 quae
1240 3381 1320 3433 fibi
1332 3385 1358 3430 ὶι
1377 3381 1486 3432 Deo
1498 3381 1666 3432 tradim
1681 3382 1778 3432 sunt
1794 3376 1975 3428 tradere
1990 3376 2041 3424 &
