<?xml version="1.0" encoding="UTF-8"?>
<!DOCTYPE html PUBLIC "-//W3C//DTD XHTML 1.0 Transitional//EN"
    "http://www.w3.org/TR/xhtml1/DTD/xhtml1-transitional.dtd">
<html xmlns="http://www.w3.org/1999/xhtml" xml:lang="en" lang="en">
 <head>
  <title>
</title>
<meta http-equiv="Content-Type" content="text/html;charset=utf-8" />
  <meta name='ocr-system' content='tesseract 3.04.00' />
  <meta name='ocr-capabilities' content='ocr_page ocr_carea ocr_par ocr_line ocrx_word'/>
</head>
<body>
  <div class='ocr_page' id='page_1' title='image "./hugonisgrottiide010grotuoft_0266.png"; bbox 0 0 2380 3917; ppageno 0'>
   <div class='ocr_carea' id='block_1_1' title="bbox 334 307 1617 348">
    <p class='ocr_par' dir='ltr' id='par_1_1' title="bbox 334 307 1617 348">
     <span class='ocr_line' id='line_1_1' title="bbox 334 307 1617 348; baseline 0.001 -2"><span class='ocrx_word' id='word_1_1' title='bbox 334 307 414 348; x_wconf 79' lang='lat'>216</span> <span class='ocrx_word' id='word_1_2' title='bbox 716 309 827 344; x_wconf 73' lang='lat' dir='ltr'>DE</span> <span class='ocrx_word' id='word_1_3' title='bbox 935 309 1617 347; x_wconf 65' lang='lat' dir='ltr'>Ivssussnttt</span> 
     </span>
    </p>
   </div>
   <div class='ocr_carea' id='block_1_2' title="bbox 103 371 2020 1946">
    <p class='ocr_par' dir='ltr' id='par_1_2' title="bbox 103 371 2020 1946">
     <span class='ocr_line' id='line_1_2' title="bbox 342 371 2017 436; baseline 0.001 -15"><span class='ocrx_word' id='word_1_4' title='bbox 342 375 620 428; x_wconf 60' lang='lat' dir='ltr'>obligatione</span> <span class='ocrx_word' id='word_1_5' title='bbox 639 412 650 429; x_wconf 87' lang='lat'>‚</span> <span class='ocrx_word' id='word_1_6' title='bbox 669 372 905 418; x_wconf 82' lang='lat' dir='ltr'>occasione</span> <span class='ocrx_word' id='word_1_7' title='bbox 927 371 1153 418; x_wconf 82' lang='lat' dir='ltr'>debitoris</span> <span class='ocrx_word' id='word_1_8' title='bbox 1168 371 1403 419; x_wconf 65' lang='lat' dir='ltr'>redaflum</span> <span class='ocrx_word' id='word_1_9' title='bbox 1422 377 1618 436; x_wconf 88' lang='lat' dir='ltr'>pretium</span> <span class='ocrx_word' id='word_1_10' title='bbox 1635 374 1802 436; x_wconf 82' lang='lat' dir='ltr'>aequius</span> <span class='ocrx_word' id='word_1_11' title='bbox 1813 372 2017 423; x_wconf 82' lang='lat' dir='ltr'><strong>debitori</strong></span> 
     </span>
     <span class='ocr_line' id='line_1_3' title="bbox 111 427 2019 500; baseline 0.001 -17"><span class='ocrx_word' id='word_1_12' title='bbox 111 436 150 471; x_wconf 77' lang='lat' dir='ltr'>L.</span> <span class='ocrx_word' id='word_1_13' title='bbox 170 435 269 469; x_wconf 78' lang='lat' dir='ltr'>sime</span> <span class='ocrx_word' id='word_1_14' title='bbox 282 433 320 468; x_wconf 57' lang='grc' dir='ltr'><em>ὰ</em></span> <span class='ocrx_word' id='word_1_15' title='bbox 344 427 550 500; x_wconf 65' lang='lat' dir='ltr'>proficiet</span> <span class='ocrx_word' id='word_1_16' title='bbox 565 452 701 497; x_wconf 78' lang='lat' dir='ltr'>quam</span> <span class='ocrx_word' id='word_1_17' title='bbox 721 434 960 481; x_wconf 80' lang='lat' dir='ltr'>creditoris</span> <span class='ocrx_word' id='word_1_18' title='bbox 979 433 1109 480; x_wconf 89' lang='lat' dir='ltr'>lucro</span> <span class='ocrx_word' id='word_1_19' title='bbox 1124 433 1310 480; x_wconf 84' lang='lat' dir='ltr'>cederet</span> <span class='ocrx_word' id='word_1_20' title='bbox 1330 451 1340 482; x_wconf 91' lang='lat'>:</span> <span class='ocrx_word' id='word_1_21' title='bbox 1377 435 1452 482; x_wconf 88' lang='lat' dir='ltr'>sed</span> <span class='ocrx_word' id='word_1_22' title='bbox 1465 439 1634 483; x_wconf 88' lang='lat' dir='ltr'>emtori</span> <span class='ocrx_word' id='word_1_23' title='bbox 1653 436 1836 484; x_wconf 81' lang='lat' dir='ltr'>debitor</span> <span class='ocrx_word' id='word_1_24' title='bbox 1848 437 2019 485; x_wconf 85' lang='lat' dir='ltr'>tenebi-</span> 
     </span>
     <span class='ocr_line' id='line_1_4' title="bbox 109 485 2017 566; baseline 0.001 -19"><span class='ocrx_word' id='word_1_25' title='bbox 109 485 324 566; x_wconf 39' lang='lat'>{2‘22‘2&#39;222</span> <span class='ocrx_word' id='word_1_26' title='bbox 346 517 480 547; x_wconf 85' lang='lat' dir='ltr'>turne</span> <span class='ocrx_word' id='word_1_27' title='bbox 495 516 551 544; x_wconf 77' lang='lat' dir='ltr'>ex</span> <span class='ocrx_word' id='word_1_28' title='bbox 570 499 713 544; x_wconf 82' lang='lat' dir='ltr'>aliena</span> <span class='ocrx_word' id='word_1_29' title='bbox 727 497 894 555; x_wconf 47' lang='lat' dir='ltr'>jactura</span> <span class='ocrx_word' id='word_1_30' title='bbox 912 497 1088 542; x_wconf 83' lang='lat' dir='ltr'>lucrum</span> <span class='ocrx_word' id='word_1_31' title='bbox 1107 496 1187 542; x_wconf 81' lang='lat' dir='ltr'>fibi</span> <span class='ocrx_word' id='word_1_32' title='bbox 1205 513 1386 558; x_wconf 72' lang='lat' dir='ltr'>quaerat:</span> <span class='ocrx_word' id='word_1_33' title='bbox 1403 515 1506 545; x_wconf 87' lang='lat' dir='ltr'>nam</span> <span class='ocrx_word' id='word_1_34' title='bbox 1522 501 1571 544; x_wconf 64' lang='grc' dir='ltr'>δέ</span> <span class='ocrx_word' id='word_1_35' title='bbox 1589 498 1619 545; x_wconf 82' lang='lat' dir='ltr'>si</span> <span class='ocrx_word' id='word_1_36' title='bbox 1636 501 1836 559; x_wconf 87' lang='lat' dir='ltr'>majores</span> <span class='ocrx_word' id='word_1_37' title='bbox 1846 497 2017 548; x_wconf 67' lang='lat' dir='ltr'>fructus</span> 
     </span>
     <span class='ocr_line' id='line_1_5' title="bbox 215 555 2018 625; baseline -0.002 -14"><span class='ocrx_word' id='word_1_38' title='bbox 215 555 225 564; x_wconf 71' lang='grc'><strong>’</strong></span> <span class='ocrx_word' id='word_1_39' title='bbox 342 568 369 611; x_wconf 74' lang='lat' dir='ltr'>a</span> <span class='ocrx_word' id='word_1_40' title='bbox 383 561 618 625; x_wconf 71' lang='lat' dir='ltr'>polless&#39;ore</span> <span class='ocrx_word' id='word_1_41' title='bbox 632 560 833 606; x_wconf 80' lang='lat' dir='ltr'>creditor</span> <span class='ocrx_word' id='word_1_42' title='bbox 849 557 1084 604; x_wconf 79' lang='lat' dir='ltr'>abstulilset</span> <span class='ocrx_word' id='word_1_43' title='bbox 1103 557 1334 605; x_wconf 86' lang='lat' dir='ltr'>universos</span> <span class='ocrx_word' id='word_1_44' title='bbox 1345 561 1390 606; x_wconf 86' lang='lat' dir='ltr'>in</span> <span class='ocrx_word' id='word_1_45' title='bbox 1402 563 1702 622; x_wconf 77' lang='lat' dir='ltr'>quantitatem</span> <span class='ocrx_word' id='word_1_46' title='bbox 1719 576 1910 624; x_wconf 79' lang='lat' dir='ltr'>accepto</span> <span class='ocrx_word' id='word_1_47' title='bbox 1925 561 2018 608; x_wconf 89' lang='lat' dir='ltr'>fer-</span> 
     </span>
     <span class='ocr_line' id='line_1_6' title="bbox 344 619 2018 686; baseline 0 -14"><span class='ocrx_word' id='word_1_48' title='bbox 344 641 392 672; x_wconf 83' lang='lat' dir='ltr'>re</span> <span class='ocrx_word' id='word_1_49' title='bbox 409 626 613 671; x_wconf 76' lang='lat' dir='ltr'>deberet.</span> <span class='ocrx_word' id='word_1_50' title='bbox 631 621 886 668; x_wconf 80' lang='lat' dir='ltr'>Similitersi</span> <span class='ocrx_word' id='word_1_51' title='bbox 901 637 1006 667; x_wconf 85' lang='lat' dir='ltr'>cum</span> <span class='ocrx_word' id='word_1_52' title='bbox 1021 619 1235 667; x_wconf 85' lang='lat' dir='ltr'>debitore</span> <span class='ocrx_word' id='word_1_53' title='bbox 1253 637 1377 678; x_wconf 85' lang='lat' dir='ltr'>meo,</span> <span class='ocrx_word' id='word_1_54' title='bbox 1395 639 1487 669; x_wconf 89' lang='lat' dir='ltr'>non</span> <span class='ocrx_word' id='word_1_55' title='bbox 1505 638 1719 686; x_wconf 87' lang='lat' dir='ltr'>tanquam</span> <span class='ocrx_word' id='word_1_56' title='bbox 1738 639 1860 679; x_wconf 87' lang='lat' dir='ltr'>meo,</span> <span class='ocrx_word' id='word_1_57' title='bbox 1872 623 1949 672; x_wconf 88' lang='lat' dir='ltr'>sed</span> <span class='ocrx_word' id='word_1_58' title='bbox 1966 641 2018 671; x_wconf 90' lang='lat' dir='ltr'>a-</span> 
     </span>
     <span class='ocr_line' id='line_1_7' title="bbox 340 682 2018 749; baseline 0.001 -15"><span class='ocrx_word' id='word_1_59' title='bbox 340 689 508 735; x_wconf 83' lang='lat' dir='ltr'>lienum</span> <span class='ocrx_word' id='word_1_60' title='bbox 526 686 785 731; x_wconf 77' lang='lat' dir='ltr'>debitorem</span> <span class='ocrx_word' id='word_1_61' title='bbox 821 699 982 747; x_wconf 85' lang='lat' dir='ltr'>putans</span> <span class='ocrx_word' id='word_1_62' title='bbox 1006 682 1131 748; x_wconf 74' lang='lat' dir='ltr'>egisti</span> <span class='ocrx_word' id='word_1_63' title='bbox 1150 719 1160 734; x_wconf 92' lang='lat'><em>‚</em></span> <span class='ocrx_word' id='word_1_64' title='bbox 1197 684 1246 729; x_wconf 87' lang='lat'>&amp;</span> <span class='ocrx_word' id='word_1_65' title='bbox 1274 700 1479 731; x_wconf 83' lang='lat' dir='ltr'>mutuam</span> <span class='ocrx_word' id='word_1_66' title='bbox 1498 685 1555 732; x_wconf 78' lang='lat' dir='ltr'>ab</span> <span class='ocrx_word' id='word_1_67' title='bbox 1572 703 1630 732; x_wconf 89' lang='lat' dir='ltr'>eo</span> <span class='ocrx_word' id='word_1_68' title='bbox 1659 686 1863 749; x_wconf 87' lang='lat' dir='ltr'>accepisti</span> <span class='ocrx_word' id='word_1_69' title='bbox 1910 704 2018 735; x_wconf 88' lang='lat' dir='ltr'>ecu-</span> 
     </span>
     <span class='ocr_line' id='line_1_8' title="bbox 343 747 2018 812; baseline 0.001 -15"><span class='ocrx_word' id='word_1_70' title='bbox 343 754 473 802; x_wconf 83' lang='lat' dir='ltr'>niam‚</span> <span class='ocrx_word' id='word_1_71' title='bbox 494 749 707 812; x_wconf 80' lang='lat' dir='ltr'>obligaris</span> <span class='ocrx_word' id='word_1_72' title='bbox 720 786 731 805; x_wconf 85' lang='lat'>‚</span> <span class='ocrx_word' id='word_1_73' title='bbox 756 763 848 793; x_wconf 89' lang='lat' dir='ltr'>non</span> <span class='ocrx_word' id='word_1_74' title='bbox 874 748 981 809; x_wconf 88' lang='lat' dir='ltr'>quia</span> <span class='ocrx_word' id='word_1_75' title='bbox 1001 747 1239 808; x_wconf 80' lang='lat' dir='ltr'>pecuniam</span> <span class='ocrx_word' id='word_1_76' title='bbox 1251 747 1334 793; x_wconf 88' lang='lat' dir='ltr'>tibi</span> <span class='ocrx_word' id='word_1_77' title='bbox 1348 747 1522 794; x_wconf 89' lang='lat' dir='ltr'>credidi</span> <span class='ocrx_word' id='word_1_78' title='bbox 1540 749 1557 809; x_wconf 67' lang='grc' dir='ltr'><em>ξ</em></span> <span class='ocrx_word' id='word_1_79' title='bbox 1571 750 1661 797; x_wconf 86' lang='lat' dir='ltr'>hoc</span> <span class='ocrx_word' id='word_1_80' title='bbox 1677 750 1798 796; x_wconf 88' lang='lat' dir='ltr'>enim</span> <span class='ocrx_word' id='word_1_81' title='bbox 1815 750 1853 795; x_wconf 89' lang='lat' dir='ltr'>ni</span> <span class='ocrx_word' id='word_1_82' title='bbox 1875 751 2018 798; x_wconf 77' lang='lat' dir='ltr'>iinter</span> 
     </span>
     <span class='ocr_line' id='line_1_9' title="bbox 349 807 2018 875; baseline -0.001 -15"><span class='ocrx_word' id='word_1_83' title='bbox 349 813 674 860; x_wconf 82' lang='lat' dir='ltr'>consentientes</span> <span class='ocrx_word' id='word_1_84' title='bbox 691 811 785 856; x_wconf 86' lang='lat' dir='ltr'>fieri</span> <span class='ocrx_word' id='word_1_85' title='bbox 805 824 894 855; x_wconf 91' lang='lat' dir='ltr'>non</span> <span class='ocrx_word' id='word_1_86' title='bbox 941 808 1084 870; x_wconf 88' lang='lat' dir='ltr'>otest)</span> <span class='ocrx_word' id='word_1_87' title='bbox 1119 807 1193 855; x_wconf 89' lang='lat' dir='ltr'>sed</span> <span class='ocrx_word' id='word_1_88' title='bbox 1208 811 1314 872; x_wconf 83' lang='lat' dir='ltr'>quia</span> <span class='ocrx_word' id='word_1_89' title='bbox 1329 813 1518 873; x_wconf 81' lang='lat' dir='ltr'>pecunia</span> <span class='ocrx_word' id='word_1_90' title='bbox 1544 828 1648 859; x_wconf 86' lang='lat' dir='ltr'>mea</span> <span class='ocrx_word' id='word_1_91' title='bbox 1664 828 1760 875; x_wconf 85' lang='lat' dir='ltr'>quae</span> <span class='ocrx_word' id='word_1_92' title='bbox 1777 811 1835 859; x_wconf 85' lang='lat' dir='ltr'>ad</span> <span class='ocrx_word' id='word_1_93' title='bbox 1850 827 1896 859; x_wconf 89' lang='lat' dir='ltr'>te</span> <span class='ocrx_word' id='word_1_94' title='bbox 1913 829 2018 875; x_wconf 83' lang='lat' dir='ltr'>per-</span> 
     </span>
     <span class='ocr_line' id='line_1_10' title="bbox 346 826 2018 939; baseline 0.001 -18"><span class='ocrx_word' id='word_1_95' title='bbox 346 878 479 926; x_wconf 70' lang='lat' dir='ltr'>venit,</span> <span class='ocrx_word' id='word_1_96' title='bbox 499 891 602 920; x_wconf 66' lang='lat' dir='ltr'>eam</span> <span class='ocrx_word' id='word_1_97' title='bbox 620 875 732 920; x_wconf 82' lang='lat' dir='ltr'>milii</span> <span class='ocrx_word' id='word_1_98' title='bbox 748 878 772 920; x_wconf 76' lang='lat' dir='ltr'>a</span> <span class='ocrx_word' id='word_1_99' title='bbox 788 887 835 918; x_wconf 90' lang='lat' dir='ltr'>te</span> <span class='ocrx_word' id='word_1_100' title='bbox 848 826 978 919; x_wconf 50' lang='lat' dir='ltr'>reddi</span> <span class='ocrx_word' id='word_1_101' title='bbox 995 872 1170 919; x_wconf 87' lang='lat' dir='ltr'>bonum</span> <span class='ocrx_word' id='word_1_102' title='bbox 1190 874 1238 918; x_wconf 87' lang='lat'>&amp;</span> <span class='ocrx_word' id='word_1_103' title='bbox 1254 889 1429 936; x_wconf 84' lang='lat' dir='ltr'>aequum</span> <span class='ocrx_word' id='word_1_104' title='bbox 1443 873 1521 921; x_wconf 84' lang='lat' dir='ltr'>est.</span> <span class='ocrx_word' id='word_1_105' title='bbox 1542 874 1817 923; x_wconf 89' lang='lat' dir='ltr'>Posteriores</span> <span class='ocrx_word' id='word_1_106' title='bbox 1833 891 2018 939; x_wconf 88' lang='lat' dir='ltr'>quoque</span> 
     </span>
     <span class='ocr_line' id='line_1_11' title="bbox 342 933 2018 1010; baseline 0.001 -25"><span class='ocrx_word' id='word_1_107' title='bbox 342 940 450 1010; x_wconf 66' lang='lat' dir='ltr'>juris</span> <span class='ocrx_word' id='word_1_108' title='bbox 467 941 731 1000; x_wconf 75' lang='lat' dir='ltr'>interpretes</span> <span class='ocrx_word' id='word_1_109' title='bbox 749 935 809 982; x_wconf 91' lang='lat' dir='ltr'>ad</span> <span class='ocrx_word' id='word_1_110' title='bbox 828 933 947 982; x_wconf 61' lang='lat' dir='ltr'>faeta</span> <span class='ocrx_word' id='word_1_111' title='bbox 967 934 1124 983; x_wconf 69' lang='lat' dir='ltr'>similia</span> <span class='ocrx_word' id='word_1_112' title='bbox 1141 935 1231 983; x_wconf 81' lang='lat' dir='ltr'>haec</span> <span class='ocrx_word' id='word_1_113' title='bbox 1248 936 1367 984; x_wconf 62' lang='lat' dir='ltr'>redte</span> <span class='ocrx_word' id='word_1_114' title='bbox 1383 937 1642 1001; x_wconf 88' lang='lat' dir='ltr'>producunt</span> <span class='ocrx_word' id='word_1_115' title='bbox 1662 955 1674 987; x_wconf 90' lang='grc'>;</span> <span class='ocrx_word' id='word_1_116' title='bbox 1696 953 1860 1000; x_wconf 87' lang='lat' dir='ltr'>nempe</span> <span class='ocrx_word' id='word_1_117' title='bbox 1870 954 1919 986; x_wconf 90' lang='lat' dir='ltr'>ut</span> <span class='ocrx_word' id='word_1_118' title='bbox 1937 956 2018 986; x_wconf 82' lang='lat' dir='ltr'>cu-</span> 
     </span>
     <span class='ocr_line' id='line_1_12' title="bbox 344 999 2018 1063; baseline -0.001 -15"><span class='ocrx_word' id='word_1_119' title='bbox 344 1018 415 1063; x_wconf 82' lang='lat' dir='ltr'>Jus</span> <span class='ocrx_word' id='word_1_120' title='bbox 432 1002 648 1047; x_wconf 78' lang='lat' dir='ltr'>latitantis</span> <span class='ocrx_word' id='word_1_121' title='bbox 663 999 789 1046; x_wconf 88' lang='lat' dir='ltr'>bona</span> <span class='ocrx_word' id='word_1_122' title='bbox 801 1014 968 1044; x_wconf 84' lang='lat' dir='ltr'>venum</span> <span class='ocrx_word' id='word_1_123' title='bbox 996 999 1136 1045; x_wconf 85' lang='lat' dir='ltr'>ierant</span> <span class='ocrx_word' id='word_1_124' title='bbox 1157 1035 1168 1054; x_wconf 87' lang='lat'>,</span> <span class='ocrx_word' id='word_1_125' title='bbox 1187 1015 1292 1046; x_wconf 91' lang='lat' dir='ltr'>curn</span> <span class='ocrx_word' id='word_1_126' title='bbox 1317 1002 1634 1063; x_wconf 80' lang='lat' dir='ltr'>exceptionem</span> <span class='ocrx_word' id='word_1_127' title='bbox 1666 1000 1856 1047; x_wconf 86' lang='lat' dir='ltr'>haberet</span> <span class='ocrx_word' id='word_1_128' title='bbox 1874 1040 1886 1059; x_wconf 90' lang='lat'>,</span> <span class='ocrx_word' id='word_1_129' title='bbox 1903 1003 1941 1049; x_wconf 86' lang='lat' dir='ltr'>is</span> <span class='ocrx_word' id='word_1_130' title='bbox 1958 1001 2018 1048; x_wconf 88' lang='lat' dir='ltr'>ad</span> 
     </span>
     <span class='ocr_line' id='line_1_13' title="bbox 346 1060 2016 1127; baseline 0.002 -18"><span class='ocrx_word' id='word_1_131' title='bbox 346 1066 579 1127; x_wconf 81' lang='lat' dir='ltr'>pecuniam</span> <span class='ocrx_word' id='word_1_132' title='bbox 597 1079 654 1109; x_wconf 77' lang='lat' dir='ltr'>ex</span> <span class='ocrx_word' id='word_1_133' title='bbox 672 1064 805 1110; x_wconf 85' lang='lat' dir='ltr'>bonis</span> <span class='ocrx_word' id='word_1_134' title='bbox 817 1061 902 1108; x_wconf 86' lang='lat' dir='ltr'>suis</span> <span class='ocrx_word' id='word_1_135' title='bbox 933 1060 1162 1108; x_wconf 66' lang='lat' dir='ltr'>redastam</span> <span class='ocrx_word' id='word_1_136' title='bbox 1179 1060 1447 1110; x_wconf 81' lang='lat' dir='ltr'>admittatur</span> <span class='ocrx_word' id='word_1_137' title='bbox 1466 1083 1482 1125; x_wconf 79' lang='lat'>3</span> <span class='ocrx_word' id='word_1_138' title='bbox 1514 1066 1564 1110; x_wconf 71' lang='grc' dir='ltr'>ἅτ</span> <span class='ocrx_word' id='word_1_139' title='bbox 1590 1080 1640 1111; x_wconf 87' lang='lat' dir='ltr'>ut</span> <span class='ocrx_word' id='word_1_140' title='bbox 1672 1064 1748 1126; x_wconf 89' lang='lat' dir='ltr'>qui</span> <span class='ocrx_word' id='word_1_141' title='bbox 1779 1066 2016 1126; x_wconf 88' lang='lat' dir='ltr'>pecuniam</span> 
     </span>
     <span class='ocr_line' id='line_1_14' title="bbox 108 1123 2016 1190; baseline 0 -16"><span class='ocrx_word' id='word_1_142' title='bbox 108 1134 237 1180; x_wconf 62' lang='lat' dir='ltr'>Infimin</span> <span class='ocrx_word' id='word_1_143' title='bbox 251 1134 282 1167; x_wconf 77' lang='lat' dir='ltr'>d·</span> <span class='ocrx_word' id='word_1_144' title='bbox 303 1134 327 1167; x_wconf 85' lang='lat' dir='ltr'>l·</span> <span class='ocrx_word' id='word_1_145' title='bbox 347 1129 463 1190; x_wconf 77' lang='lat' dir='ltr'>patri</span> <span class='ocrx_word' id='word_1_146' title='bbox 480 1126 680 1173; x_wconf 84' lang='lat' dir='ltr'>credidit</span> <span class='ocrx_word' id='word_1_147' title='bbox 696 1125 754 1173; x_wconf 91' lang='lat' dir='ltr'>ad</span> <span class='ocrx_word' id='word_1_148' title='bbox 767 1123 977 1171; x_wconf 86' lang='lat' dir='ltr'>alendum</span> <span class='ocrx_word' id='word_1_149' title='bbox 995 1125 1133 1171; x_wconf 87' lang='lat' dir='ltr'>filium</span> <span class='ocrx_word' id='word_1_150' title='bbox 1155 1164 1166 1182; x_wconf 91' lang='lat'>‚</span> <span class='ocrx_word' id='word_1_151' title='bbox 1186 1124 1216 1171; x_wconf 87' lang='lat' dir='ltr'><strong>fi</strong></span> <span class='ocrx_word' id='word_1_152' title='bbox 1234 1141 1362 1189; x_wconf 86' lang='lat' dir='ltr'>pater</span> <span class='ocrx_word' id='word_1_153' title='bbox 1379 1125 1601 1174; x_wconf 85' lang='lat' dir='ltr'>solvendo</span> <span class='ocrx_word' id='word_1_154' title='bbox 1617 1144 1710 1174; x_wconf 89' lang='lat' dir='ltr'>non</span> <span class='ocrx_word' id='word_1_155' title='bbox 1729 1126 1796 1182; x_wconf 87' lang='lat' dir='ltr'>sit,</span> <span class='ocrx_word' id='word_1_156' title='bbox 1816 1129 1860 1172; x_wconf 89' lang='lat' dir='ltr'>in</span> <span class='ocrx_word' id='word_1_157' title='bbox 1872 1126 2016 1190; x_wconf 89' lang='lat' dir='ltr'>ipsum</span> 
     </span>
     <span class='ocr_line' id='line_1_15' title="bbox 106 1182 2018 1252; baseline 0.002 -17"><span class='ocrx_word' id='word_1_158' title='bbox 106 1184 195 1235; x_wconf 56' lang='grc' dir='ltr'>[ΨΜ</span> <span class='ocrx_word' id='word_1_159' title='bbox 223 1188 261 1215; x_wconf 68' lang='lat'>⁰*</span> <span class='ocrx_word' id='word_1_160' title='bbox 277 1182 322 1215; x_wconf 61' lang='grc' dir='ltr'>Ἠ·</span> <span class='ocrx_word' id='word_1_161' title='bbox 345 1190 486 1237; x_wconf 84' lang='lat' dir='ltr'>filium</span> <span class='ocrx_word' id='word_1_162' title='bbox 505 1189 627 1236; x_wconf 85' lang='lat' dir='ltr'>bona</span> <span class='ocrx_word' id='word_1_163' title='bbox 667 1203 871 1235; x_wconf 85' lang='lat' dir='ltr'>materna</span> <span class='ocrx_word' id='word_1_164' title='bbox 887 1188 1130 1234; x_wconf 81' lang='lat' dir='ltr'>habentem</span> <span class='ocrx_word' id='word_1_165' title='bbox 1164 1188 1387 1236; x_wconf 47' lang='lat' dir='ltr'>&amp;tionem</span> <span class='ocrx_word' id='word_1_166' title='bbox 1417 1189 1595 1237; x_wconf 84' lang='lat' dir='ltr'>habeat.</span> <span class='ocrx_word' id='word_1_167' title='bbox 1623 1190 1709 1238; x_wconf 89' lang='lat' dir='ltr'>His</span> <span class='ocrx_word' id='word_1_168' title='bbox 1727 1191 1893 1252; x_wconf 83' lang='lat' dir='ltr'>regulis</span> <span class='ocrx_word' id='word_1_169' title='bbox 1908 1190 2018 1238; x_wconf 82' lang='lat' dir='ltr'>dua-</span> 
     </span>
     <span class='ocr_line' id='line_1_16' title="bbox 108 1240 2016 1316; baseline 0.001 -16"><span class='ocrx_word' id='word_1_170' title='bbox 108 1240 208 1264; x_wconf 69' lang='lat' dir='ltr'>mm.</span> <span class='ocrx_word' id='word_1_171' title='bbox 345 1253 428 1300; x_wconf 81' lang='lat' dir='ltr'>bus</span> <span class='ocrx_word' id='word_1_172' title='bbox 445 1253 562 1303; x_wconf 56' lang='lat' dir='ltr'>redte</span> <span class='ocrx_word' id='word_1_173' title='bbox 573 1251 809 1298; x_wconf 69' lang='lat' dir='ltr'>intelleffls</span> <span class='ocrx_word' id='word_1_174' title='bbox 822 1267 914 1297; x_wconf 88' lang='lat' dir='ltr'>non</span> <span class='ocrx_word' id='word_1_175' title='bbox 931 1250 1125 1298; x_wconf 87' lang='lat' dir='ltr'>difficilis</span> <span class='ocrx_word' id='word_1_176' title='bbox 1141 1253 1227 1299; x_wconf 90' lang='lat' dir='ltr'>erit</span> <span class='ocrx_word' id='word_1_177' title='bbox 1243 1252 1469 1316; x_wconf 76' lang='lat' dir='ltr'>responsio</span> <span class='ocrx_word' id='word_1_178' title='bbox 1481 1253 1539 1300; x_wconf 76' lang='lat' dir='ltr'>ad</span> <span class='ocrx_word' id='word_1_179' title='bbox 1556 1270 1630 1301; x_wconf 86' lang='lat' dir='ltr'>eas</span> <span class='ocrx_word' id='word_1_180' title='bbox 1675 1253 1904 1301; x_wconf 82' lang='lat' dir='ltr'>uaestiones</span> <span class='ocrx_word' id='word_1_181' title='bbox 1919 1271 2016 1316; x_wconf 83' lang='lat' dir='ltr'>quae</span> 
     </span>
     <span class='ocr_line' id='line_1_17' title="bbox 111 1311 2017 1380; baseline 0.003 -23"><span class='ocrx_word' id='word_1_182' title='bbox 111 1311 137 1345; x_wconf 76' lang='lat' dir='ltr'><em>S</em></span> <span class='ocrx_word' id='word_1_183' title='bbox 140 1322 186 1377; x_wconf 55' lang='lat'>⁰2?</span> <span class='ocrx_word' id='word_1_184' title='bbox 197 1311 218 1343; x_wconf 77' lang='lat'>1.</span> <span class='ocrx_word' id='word_1_185' title='bbox 231 1317 318 1357; x_wconf 71' lang='lat' dir='ltr'>¹V›9-</span> <span class='ocrx_word' id='word_1_186' title='bbox 341 1319 387 1361; x_wconf 71' lang='lat' dir='ltr'>Sc</span> <span class='ocrx_word' id='word_1_187' title='bbox 404 1321 430 1363; x_wconf 71' lang='lat' dir='ltr'>&#39;a</span> <span class='ocrx_word' id='word_1_188' title='bbox 450 1314 787 1371; x_wconf 74' lang='lat' dir='ltr'>Iurisconsultis,</span> <span class='ocrx_word' id='word_1_189' title='bbox 806 1315 854 1360; x_wconf 83' lang='lat'>&amp;</span> <span class='ocrx_word' id='word_1_190' title='bbox 870 1318 898 1362; x_wconf 75' lang='lat' dir='ltr'>a</span> <span class='ocrx_word' id='word_1_191' title='bbox 915 1313 1178 1380; x_wconf 80' lang='lat' dir='ltr'>Theologis</span> <span class='ocrx_word' id='word_1_192' title='bbox 1189 1317 1414 1364; x_wconf 87' lang='lat' dir='ltr'>internum</span> <span class='ocrx_word' id='word_1_193' title='bbox 1438 1317 1575 1364; x_wconf 87' lang='lat' dir='ltr'>animi</span> <span class='ocrx_word' id='word_1_194' title='bbox 1590 1319 1650 1364; x_wconf 85' lang='lat' dir='ltr'>tri</span> <span class='ocrx_word' id='word_1_195' title='bbox 1684 1317 1787 1364; x_wconf 72' lang='lat' dir='ltr'>una]</span> <span class='ocrx_word' id='word_1_196' title='bbox 1805 1318 2017 1365; x_wconf 80' lang='lat' dir='ltr'>instruen-</span> 
     </span>
     <span class='ocr_line' id='line_1_18' title="bbox 109 1366 854 1442; baseline -0.019 -4"><span class='ocrx_word' id='word_1_197' title='bbox 109 1366 319 1440; x_wconf 47' lang='grc' dir='ltr'>Ξῖυζῖἐίᾱς,</span> <span class='ocrx_word' id='word_1_198' title='bbox 342 1379 460 1426; x_wconf 76' lang='lat' dir='ltr'>tibus</span> <span class='ocrx_word' id='word_1_199' title='bbox 475 1380 672 1442; x_wconf 85' lang='lat' dir='ltr'>proponi</span> <span class='ocrx_word' id='word_1_200' title='bbox 694 1377 854 1425; x_wconf 88' lang='lat' dir='ltr'>solent.</span> 
     </span>
     <span class='ocr_line' id='line_1_19' title="bbox 104 1439 2018 1505; baseline 0.003 -21"><span class='ocrx_word' id='word_1_201' title='bbox 104 1462 272 1498; x_wconf 57' lang='lat' dir='ltr'>peccatum</span> <span class='ocrx_word' id='word_1_202' title='bbox 289 1478 299 1493; x_wconf 92' lang='lat'><em>,</em></span> <span class='ocrx_word' id='word_1_203' title='bbox 410 1443 430 1488; x_wconf 93' lang='grc' dir='ltr'>Ι</span> <span class='ocrx_word' id='word_1_204' title='bbox 449 1443 467 1488; x_wconf 86' lang='grc' dir='ltr'>Ι</span> <span class='ocrx_word' id='word_1_205' title='bbox 488 1443 521 1488; x_wconf 86' lang='lat'>1.</span> <span class='ocrx_word' id='word_1_206' title='bbox 558 1441 764 1489; x_wconf 86' lang='lat' dir='ltr'>Primum</span> <span class='ocrx_word' id='word_1_207' title='bbox 781 1441 903 1486; x_wconf 84' lang='lat' dir='ltr'>enim</span> <span class='ocrx_word' id='word_1_208' title='bbox 921 1454 1106 1504; x_wconf 88' lang='lat' dir='ltr'>apparet</span> <span class='ocrx_word' id='word_1_209' title='bbox 1119 1439 1249 1488; x_wconf 79' lang='lat' dir='ltr'>bonae</span> <span class='ocrx_word' id='word_1_210' title='bbox 1282 1440 1387 1488; x_wconf 82' lang='lat' dir='ltr'>fidei</span> <span class='ocrx_word' id='word_1_211' title='bbox 1403 1441 1690 1505; x_wconf 69' lang='lat' dir='ltr'>possessorem</span> <span class='ocrx_word' id='word_1_212' title='bbox 1723 1444 1740 1502; x_wconf 93' lang='lat'>(</span> <span class='ocrx_word' id='word_1_213' title='bbox 1757 1459 1860 1490; x_wconf 83' lang='lat' dir='ltr'>nam</span> <span class='ocrx_word' id='word_1_214' title='bbox 1889 1443 2018 1489; x_wconf 82' lang='lat' dir='ltr'>malae</span> 
     </span>
     <span class='ocr_line' id='line_1_20' title="bbox 103 1503 2018 1579; baseline 0.001 -28"><span class='ocrx_word' id='word_1_215' title='bbox 103 1509 178 1579; x_wconf 48' lang='lat' dir='ltr'>{fs</span> <span class='ocrx_word' id='word_1_216' title='bbox 196 1507 209 1533; x_wconf 87' lang='lat'>¹</span> <span class='ocrx_word' id='word_1_217' title='bbox 223 1506 274 1539; x_wconf 58' lang='grc' dir='ltr'><strong>Μ</strong></span> <span class='ocrx_word' id='word_1_218' title='bbox 294 1508 326 1534; x_wconf 89' lang='lat'>¹·</span> <span class='ocrx_word' id='word_1_219' title='bbox 348 1506 452 1552; x_wconf 83' lang='lat' dir='ltr'>fidei</span> <span class='ocrx_word' id='word_1_220' title='bbox 480 1504 695 1567; x_wconf 82' lang='lat' dir='ltr'>poffeffor</span> <span class='ocrx_word' id='word_1_221' title='bbox 726 1504 845 1551; x_wconf 85' lang='lat' dir='ltr'>ultra</span> <span class='ocrx_word' id='word_1_222' title='bbox 864 1506 928 1550; x_wconf 85' lang='lat' dir='ltr'>rei</span> <span class='ocrx_word' id='word_1_223' title='bbox 956 1505 1179 1551; x_wconf 86' lang='lat' dir='ltr'>rationem</span> <span class='ocrx_word' id='word_1_224' title='bbox 1198 1521 1255 1551; x_wconf 79' lang='lat' dir='ltr'>ex</span> <span class='ocrx_word' id='word_1_225' title='bbox 1274 1503 1395 1551; x_wconf 64' lang='lat' dir='ltr'>fasto</span> <span class='ocrx_word' id='word_1_226' title='bbox 1415 1505 1493 1552; x_wconf 89' lang='lat' dir='ltr'>suo</span> <span class='ocrx_word' id='word_1_227' title='bbox 1525 1508 1735 1568; x_wconf 85' lang='lat' dir='ltr'>tenetur)</span> <span class='ocrx_word' id='word_1_228' title='bbox 1763 1523 1854 1553; x_wconf 88' lang='lat' dir='ltr'>non</span> <span class='ocrx_word' id='word_1_229' title='bbox 1871 1508 2018 1552; x_wconf 87' lang='lat' dir='ltr'>teneri</span> 
     </span>
     <span class='ocr_line' id='line_1_21' title="bbox 107 1559 2016 1638; baseline 0.002 -27"><span class='ocrx_word' id='word_1_230' title='bbox 107 1560 146 1625; x_wconf 49' lang='grc' dir='ltr'>ιζ</span> <span class='ocrx_word' id='word_1_231' title='bbox 156 1559 327 1638; x_wconf 41' lang='lat' dir='ltr'>§effi-122?</span> <span class='ocrx_word' id='word_1_232' title='bbox 348 1570 405 1616; x_wconf 85' lang='lat' dir='ltr'>ad</span> <span class='ocrx_word' id='word_1_233' title='bbox 425 1568 561 1614; x_wconf 86' lang='lat' dir='ltr'>ullam</span> <span class='ocrx_word' id='word_1_234' title='bbox 578 1568 908 1615; x_wconf 81' lang='lat' dir='ltr'>restitutionem</span> <span class='ocrx_word' id='word_1_235' title='bbox 921 1566 953 1614; x_wconf 84' lang='lat' dir='ltr'>fi</span> <span class='ocrx_word' id='word_1_236' title='bbox 970 1582 1041 1614; x_wconf 82' lang='lat' dir='ltr'>res</span> <span class='ocrx_word' id='word_1_237' title='bbox 1052 1568 1252 1631; x_wconf 81' lang='lat' dir='ltr'>perierit:</span> <span class='ocrx_word' id='word_1_238' title='bbox 1268 1571 1370 1630; x_wconf 85' lang='lat' dir='ltr'>quia</span> <span class='ocrx_word' id='word_1_239' title='bbox 1386 1584 1468 1616; x_wconf 89' lang='lat' dir='ltr'>nec</span> <span class='ocrx_word' id='word_1_240' title='bbox 1485 1585 1556 1617; x_wconf 88' lang='lat' dir='ltr'>res</span> <span class='ocrx_word' id='word_1_241' title='bbox 1573 1572 1664 1634; x_wconf 80' lang='lat' dir='ltr'>ipsa</span> <span class='ocrx_word' id='word_1_242' title='bbox 1678 1569 1798 1634; x_wconf 87' lang='lat' dir='ltr'>apud</span> <span class='ocrx_word' id='word_1_243' title='bbox 1814 1585 1920 1616; x_wconf 88' lang='lat' dir='ltr'>eum</span> <span class='ocrx_word' id='word_1_244' title='bbox 1936 1568 2016 1622; x_wconf 78' lang='lat' dir='ltr'>est,</span> 
     </span>
     <span class='ocr_line' id='line_1_22' title="bbox 109 1632 773 1684; baseline 0.005 -11"><span class='ocrx_word' id='word_1_245' title='bbox 109 1653 142 1674; x_wconf 77' lang='grc' dir='ltr'>η.</span> <span class='ocrx_word' id='word_1_246' title='bbox 158 1649 189 1683; x_wconf 80' lang='lat'>3,</span> <span class='ocrx_word' id='word_1_247' title='bbox 210 1653 242 1684; x_wconf 82' lang='lat' dir='ltr'>q.</span> <span class='ocrx_word' id='word_1_248' title='bbox 264 1643 299 1674; x_wconf 79' lang='lat'>6.</span> <span class='ocrx_word' id='word_1_249' title='bbox 346 1649 427 1679; x_wconf 88' lang='lat' dir='ltr'>nec</span> <span class='ocrx_word' id='word_1_250' title='bbox 444 1632 619 1677; x_wconf 82' lang='lat' dir='ltr'>luctum</span> <span class='ocrx_word' id='word_1_251' title='bbox 635 1648 694 1677; x_wconf 78' lang='lat' dir='ltr'>ex</span> <span class='ocrx_word' id='word_1_252' title='bbox 711 1647 773 1677; x_wconf 87' lang='lat' dir='ltr'>re.</span> 
     </span>
     <span class='ocr_line' id='line_1_23' title="bbox 111 1688 2018 1757; baseline -0.002 -14"><span class='ocrx_word' id='word_1_253' title='bbox 111 1689 248 1722; x_wconf 56' lang='lat' dir='ltr'>&#39;’mm“</span> <span class='ocrx_word' id='word_1_254' title='bbox 260 1688 300 1721; x_wconf 67' lang='lat'>‘²⁶</span> <span class='ocrx_word' id='word_1_255' title='bbox 411 1697 429 1743; x_wconf 89' lang='grc' dir='ltr'><strong>Ι</strong></span> <span class='ocrx_word' id='word_1_256' title='bbox 449 1695 509 1742; x_wconf 82' lang='lat' dir='ltr'>V.</span> <span class='ocrx_word' id='word_1_257' title='bbox 546 1693 771 1744; x_wconf 83' lang='lat' dir='ltr'>Secundo,</span> <span class='ocrx_word' id='word_1_258' title='bbox 791 1691 920 1742; x_wconf 82' lang='lat' dir='ltr'>bonae</span> <span class='ocrx_word' id='word_1_259' title='bbox 938 1692 1044 1740; x_wconf 87' lang='lat' dir='ltr'>fidei</span> <span class='ocrx_word' id='word_1_260' title='bbox 1080 1692 1366 1757; x_wconf 73' lang='lat' dir='ltr'>possessorem</span> <span class='ocrx_word' id='word_1_261' title='bbox 1382 1695 1521 1741; x_wconf 86' lang='lat' dir='ltr'>teneri</span> <span class='ocrx_word' id='word_1_262' title='bbox 1548 1693 1605 1742; x_wconf 88' lang='lat' dir='ltr'>ad</span> <span class='ocrx_word' id='word_1_263' title='bbox 1635 1695 1933 1742; x_wconf 82' lang='lat' dir='ltr'>restituendos</span> <span class='ocrx_word' id='word_1_264' title='bbox 1948 1709 2018 1741; x_wconf 90' lang='lat' dir='ltr'>et-</span> 
     </span>
     <span class='ocr_line' id='line_1_24' title="bbox 109 1744 2018 1825; baseline 0 -20"><span class='ocrx_word' id='word_1_265' title='bbox 109 1744 319 1825; x_wconf 53' lang='grc' dir='ltr'>ἵζῇῑᾛῖῗ</span> <span class='ocrx_word' id='word_1_266' title='bbox 346 1761 436 1805; x_wconf 86' lang='lat' dir='ltr'>iam</span> <span class='ocrx_word' id='word_1_267' title='bbox 457 1757 623 1804; x_wconf 61' lang='lat' dir='ltr'>fruetus</span> <span class='ocrx_word' id='word_1_268' title='bbox 642 1757 864 1804; x_wconf 81' lang='lat' dir='ltr'>exstantes</span> <span class='ocrx_word' id='word_1_269' title='bbox 882 1760 946 1804; x_wconf 89' lang='lat' dir='ltr'>rei</span> <span class='ocrx_word' id='word_1_270' title='bbox 967 1757 1099 1804; x_wconf 84' lang='lat' dir='ltr'>:dico</span> <span class='ocrx_word' id='word_1_271' title='bbox 1120 1755 1289 1803; x_wconf 66' lang='lat' dir='ltr'>fruetus</span> <span class='ocrx_word' id='word_1_272' title='bbox 1307 1759 1398 1815; x_wconf 77' lang='lat' dir='ltr'>rei3</span> <span class='ocrx_word' id='word_1_273' title='bbox 1415 1773 1516 1804; x_wconf 88' lang='lat' dir='ltr'>nam</span> <span class='ocrx_word' id='word_1_274' title='bbox 1533 1758 1747 1806; x_wconf 74' lang='lat' dir='ltr'>industriae</span> <span class='ocrx_word' id='word_1_275' title='bbox 1759 1758 1929 1806; x_wconf 57' lang='lat' dir='ltr'>fruetus</span> <span class='ocrx_word' id='word_1_276' title='bbox 1947 1773 2018 1805; x_wconf 84' lang='lat' dir='ltr'>et-</span> 
     </span>
     <span class='ocr_line' id='line_1_25' title="bbox 112 1820 2018 1883; baseline 0.003 -20"><span class='ocrx_word' id='word_1_277' title='bbox 112 1837 173 1871; x_wconf 76' lang='lat'>¹4·</span> <span class='ocrx_word' id='word_1_278' title='bbox 200 1831 329 1864; x_wconf 70' lang='lat' dir='ltr'>Navar.</span> <span class='ocrx_word' id='word_1_279' title='bbox 346 1824 434 1869; x_wconf 74' lang='lat' dir='ltr'>iam</span> <span class='ocrx_word' id='word_1_280' title='bbox 447 1821 476 1868; x_wconf 80' lang='lat' dir='ltr'>si</span> <span class='ocrx_word' id='word_1_281' title='bbox 493 1821 580 1867; x_wconf 78' lang='lat' dir='ltr'>fine</span> <span class='ocrx_word' id='word_1_282' title='bbox 597 1836 645 1867; x_wconf 91' lang='lat' dir='ltr'>re</span> <span class='ocrx_word' id='word_1_283' title='bbox 663 1837 753 1870; x_wconf 88' lang='lat' dir='ltr'>non</span> <span class='ocrx_word' id='word_1_284' title='bbox 771 1821 1074 1883; x_wconf 82' lang='lat' dir='ltr'>procederent</span> <span class='ocrx_word' id='word_1_285' title='bbox 1092 1859 1103 1877; x_wconf 88' lang='lat'>,</span> <span class='ocrx_word' id='word_1_286' title='bbox 1124 1822 1188 1867; x_wconf 87' lang='lat' dir='ltr'>rei</span> <span class='ocrx_word' id='word_1_287' title='bbox 1207 1835 1358 1867; x_wconf 84' lang='lat' dir='ltr'>tamen</span> <span class='ocrx_word' id='word_1_288' title='bbox 1376 1835 1464 1866; x_wconf 89' lang='lat' dir='ltr'>non</span> <span class='ocrx_word' id='word_1_289' title='bbox 1502 1822 1736 1869; x_wconf 87' lang='lat' dir='ltr'>debentur.</span> <span class='ocrx_word' id='word_1_290' title='bbox 1767 1820 1914 1869; x_wconf 82' lang='lat' dir='ltr'>Causa</span> <span class='ocrx_word' id='word_1_291' title='bbox 1933 1822 2018 1869; x_wconf 89' lang='lat' dir='ltr'>hu-</span> 
     </span>
     <span class='ocr_line' id='line_1_26' title="bbox 114 1883 2020 1946; baseline 0 -15"><span class='ocrx_word' id='word_1_292' title='bbox 114 1883 177 1922; x_wconf 69' lang='lat'>172</span> <span class='ocrx_word' id='word_1_293' title='bbox 192 1888 225 1912; x_wconf 79' lang='lat'>&#39;¹‘</span> <span class='ocrx_word' id='word_1_294' title='bbox 237 1885 280 1921; x_wconf 91' lang='grc'>7·</span> <span class='ocrx_word' id='word_1_295' title='bbox 343 1888 413 1946; x_wconf 82' lang='lat' dir='ltr'>jus</span> <span class='ocrx_word' id='word_1_296' title='bbox 428 1884 722 1945; x_wconf 56' lang='lat' dir='ltr'>obligationis</span> <span class='ocrx_word' id='word_1_297' title='bbox 740 1884 802 1930; x_wconf 87' lang='lat' dir='ltr'>est</span> <span class='ocrx_word' id='word_1_298' title='bbox 816 1900 874 1929; x_wconf 79' lang='lat' dir='ltr'>ex</span> <span class='ocrx_word' id='word_1_299' title='bbox 891 1883 1122 1931; x_wconf 83' lang='lat' dir='ltr'>dominio.</span> <span class='ocrx_word' id='word_1_300' title='bbox 1138 1900 1246 1930; x_wconf 86' lang='lat' dir='ltr'>nam</span> <span class='ocrx_word' id='word_1_301' title='bbox 1261 1886 1338 1946; x_wconf 87' lang='lat' dir='ltr'>qui</span> <span class='ocrx_word' id='word_1_302' title='bbox 1357 1883 1570 1932; x_wconf 85' lang='lat' dir='ltr'>dominus</span> <span class='ocrx_word' id='word_1_303' title='bbox 1581 1886 1641 1932; x_wconf 89' lang='lat' dir='ltr'>est</span> <span class='ocrx_word' id='word_1_304' title='bbox 1654 1888 1734 1944; x_wconf 88' lang='lat' dir='ltr'>rei,</span> <span class='ocrx_word' id='word_1_305' title='bbox 1753 1884 1876 1932; x_wconf 87' lang='lat' dir='ltr'>idem</span> <span class='ocrx_word' id='word_1_306' title='bbox 1890 1900 2020 1932; x_wconf 81' lang='lat' dir='ltr'>natu-</span> 
     </span>
    </p>
   </div>
   <div class='ocr_carea' id='block_1_3' title="bbox 341 1936 1141 1998">
    <p class='ocr_par' dir='ltr' id='par_1_3' title="bbox 341 1936 1141 1998">
     <span class='ocr_line' id='line_1_27' title="bbox 341 1936 1141 1998; baseline -0.003 -2"><span class='ocrx_word' id='word_1_307' title='bbox 341 1947 494 1998; x_wconf 76' lang='lat' dir='ltr'>taliter</span> <span class='ocrx_word' id='word_1_308' title='bbox 509 1936 723 1993; x_wconf 83' lang='lat' dir='ltr'>dominus</span> <span class='ocrx_word' id='word_1_309' title='bbox 737 1947 797 1994; x_wconf 85' lang='lat' dir='ltr'>est</span> <span class='ocrx_word' id='word_1_310' title='bbox 814 1946 1043 1994; x_wconf 56' lang='lat' dir='ltr'>fruetuum</span> <span class='ocrx_word' id='word_1_311' title='bbox 1058 1948 1141 1994; x_wconf 80' lang='lat' dir='ltr'>rei.</span> 
     </span>
    </p>
   </div>
   <div class='ocr_carea' id='block_1_4' title="bbox 108 863 321 960">
    <p class='ocr_par' dir='ltr' id='par_1_4' title="bbox 108 863 321 960">
     <span class='ocr_line' id='line_1_28' title="bbox 111 863 321 904; baseline -0.005 -5"><span class='ocrx_word' id='word_1_312' title='bbox 111 866 234 904; x_wconf 70' lang='grc' dir='ltr'>,Λα-,ἐπ</span> <span class='ocrx_word' id='word_1_313' title='bbox 249 863 281 897; x_wconf 79' lang='lat' dir='ltr'>d.</span> <span class='ocrx_word' id='word_1_314' title='bbox 296 863 321 898; x_wconf 87' lang='lat' dir='ltr'>l.</span> 
     </span>
     <span class='ocr_line' id='line_1_29' title="bbox 108 914 302 960; baseline -0.015 -11"><span class='ocrx_word' id='word_1_315' title='bbox 108 914 302 960; x_wconf 62' lang='lat' dir='ltr'>rescriptum-</span> 
     </span>
    </p>
   </div>
   <div class='ocr_carea' id='block_1_5' title="bbox 110 2006 2018 2639">
    <p class='ocr_par' dir='ltr' id='par_1_5' title="bbox 110 2006 2018 2639">
     <span class='ocr_line' id='line_1_30' title="bbox 412 2006 2017 2072; baseline 0.001 -16"><span class='ocrx_word' id='word_1_316' title='bbox 412 2009 467 2056; x_wconf 84' lang='lat' dir='ltr'>V.</span> <span class='ocrx_word' id='word_1_317' title='bbox 500 2010 668 2057; x_wconf 88' lang='lat' dir='ltr'>Tertio</span> <span class='ocrx_word' id='word_1_318' title='bbox 690 2048 703 2067; x_wconf 87' lang='lat'>,</span> <span class='ocrx_word' id='word_1_319' title='bbox 723 2009 850 2057; x_wconf 77' lang='lat' dir='ltr'>bonae</span> <span class='ocrx_word' id='word_1_320' title='bbox 866 2009 974 2056; x_wconf 84' lang='lat' dir='ltr'>fidei</span> <span class='ocrx_word' id='word_1_321' title='bbox 994 2008 1282 2072; x_wconf 69' lang='lat' dir='ltr'>possessorem</span> <span class='ocrx_word' id='word_1_322' title='bbox 1313 2010 1454 2058; x_wconf 87' lang='lat' dir='ltr'>teneri</span> <span class='ocrx_word' id='word_1_323' title='bbox 1471 2008 1529 2056; x_wconf 90' lang='lat' dir='ltr'>ad</span> <span class='ocrx_word' id='word_1_324' title='bbox 1545 2006 1870 2059; x_wconf 85' lang='lat' dir='ltr'>restitutionem</span> <span class='ocrx_word' id='word_1_325' title='bbox 1888 2011 1935 2056; x_wconf 83' lang='lat'>&amp;</span> <span class='ocrx_word' id='word_1_326' title='bbox 1950 2010 2017 2058; x_wconf 87' lang='lat' dir='ltr'>rei</span> 
     </span>
     <span class='ocr_line' id='line_1_31' title="bbox 346 2071 2018 2135; baseline -0.001 -16"><span class='ocrx_word' id='word_1_327' title='bbox 346 2074 396 2119; x_wconf 87' lang='lat'>&amp;</span> <span class='ocrx_word' id='word_1_328' title='bbox 414 2071 640 2120; x_wconf 47' lang='lat' dir='ltr'>fruetuum</span> <span class='ocrx_word' id='word_1_329' title='bbox 651 2073 998 2120; x_wconf 57' lang='lat' dir='ltr'>consuti-‚torum</span> <span class='ocrx_word' id='word_1_330' title='bbox 1015 2110 1027 2128; x_wconf 92' lang='lat'>,</span> <span class='ocrx_word' id='word_1_331' title='bbox 1048 2072 1078 2119; x_wconf 85' lang='lat' dir='ltr'>fi</span> <span class='ocrx_word' id='word_1_332' title='bbox 1097 2071 1246 2118; x_wconf 85' lang='lat' dir='ltr'>modo</span> <span class='ocrx_word' id='word_1_333' title='bbox 1265 2071 1370 2119; x_wconf 85' lang='lat' dir='ltr'>alias</span> <span class='ocrx_word' id='word_1_334' title='bbox 1391 2088 1573 2135; x_wconf 83' lang='lat' dir='ltr'>quoque</span> <span class='ocrx_word' id='word_1_335' title='bbox 1605 2074 1885 2122; x_wconf 82' lang='lat' dir='ltr'>tantumdem</span> <span class='ocrx_word' id='word_1_336' title='bbox 1904 2089 2018 2118; x_wconf 86' lang='lat' dir='ltr'>con-</span> 
     </span>
     <span class='ocr_line' id='line_1_32' title="bbox 347 2134 2018 2200; baseline 0.001 -18"><span class='ocrx_word' id='word_1_337' title='bbox 347 2136 569 2183; x_wconf 84' lang='lat' dir='ltr'>sumtutus</span> <span class='ocrx_word' id='word_1_338' title='bbox 585 2135 749 2185; x_wconf 86' lang='lat' dir='ltr'>fuerat:</span> <span class='ocrx_word' id='word_1_339' title='bbox 765 2152 868 2182; x_wconf 84' lang='lat' dir='ltr'>nam</span> <span class='ocrx_word' id='word_1_340' title='bbox 884 2137 927 2181; x_wconf 83' lang='lat' dir='ltr'>in</span> <span class='ocrx_word' id='word_1_341' title='bbox 944 2136 1032 2181; x_wconf 83' lang='lat' dir='ltr'>hoc</span> <span class='ocrx_word' id='word_1_342' title='bbox 1048 2136 1325 2200; x_wconf 80' lang='lat' dir='ltr'>locupletior</span> <span class='ocrx_word' id='word_1_343' title='bbox 1337 2136 1558 2182; x_wconf 82' lang='lat' dir='ltr'>censetur.</span> <span class='ocrx_word' id='word_1_344' title='bbox 1592 2134 1666 2183; x_wconf 83' lang='lat' dir='ltr'>Sic</span> <span class='ocrx_word' id='word_1_345' title='bbox 1680 2138 1880 2184; x_wconf 87' lang='lat' dir='ltr'>laudatur</span> <span class='ocrx_word' id='word_1_346' title='bbox 1898 2138 2018 2183; x_wconf 87' lang='lat' dir='ltr'>circa</span> 
     </span>
     <span class='ocr_line' id='line_1_33' title="bbox 110 2197 2018 2263; baseline 0.002 -19"><span class='ocrx_word' id='word_1_347' title='bbox 110 2198 245 2237; x_wconf 62' lang='lat' dir='ltr'>Suffic-</span> <span class='ocrx_word' id='word_1_348' title='bbox 269 2199 326 2239; x_wconf 79' lang='lat'>¹6·</span> <span class='ocrx_word' id='word_1_349' title='bbox 345 2201 467 2246; x_wconf 84' lang='lat' dir='ltr'>initia</span> <span class='ocrx_word' id='word_1_350' title='bbox 484 2200 662 2261; x_wconf 87' lang='lat' dir='ltr'>imperii</span> <span class='ocrx_word' id='word_1_351' title='bbox 682 2198 745 2246; x_wconf 87' lang='lat' dir='ltr'>C.</span> <span class='ocrx_word' id='word_1_352' title='bbox 766 2198 913 2246; x_wconf 82' lang='lat' dir='ltr'>Caesar</span> <span class='ocrx_word' id='word_1_353' title='bbox 927 2197 1157 2263; x_wconf 81' lang='lat' dir='ltr'>Caligula,</span> <span class='ocrx_word' id='word_1_354' title='bbox 1172 2198 1298 2263; x_wconf 83' lang='lat' dir='ltr'>quod</span> <span class='ocrx_word' id='word_1_355' title='bbox 1318 2200 1478 2263; x_wconf 82' lang='lat' dir='ltr'>quibus</span> <span class='ocrx_word' id='word_1_356' title='bbox 1495 2213 1632 2263; x_wconf 81' lang='lat' dir='ltr'>regna</span> <span class='ocrx_word' id='word_1_357' title='bbox 1648 2201 1836 2248; x_wconf 87' lang='lat' dir='ltr'>restituit</span> <span class='ocrx_word' id='word_1_358' title='bbox 1855 2239 1866 2256; x_wconf 91' lang='lat'>,</span> <span class='ocrx_word' id='word_1_359' title='bbox 1885 2199 2018 2259; x_wconf 79' lang='lat' dir='ltr'>adje-</span> 
     </span>
     <span class='ocr_line' id='line_1_34' title="bbox 343 2261 1058 2324; baseline 0 -16"><span class='ocrx_word' id='word_1_360' title='bbox 343 2264 405 2308; x_wconf 88' lang='lat' dir='ltr'>cit</span> <span class='ocrx_word' id='word_1_361' title='bbox 424 2264 472 2308; x_wconf 68' lang='grc' dir='ltr'>δε</span> <span class='ocrx_word' id='word_1_362' title='bbox 486 2261 654 2308; x_wconf 67' lang='lat' dir='ltr'>fruetus</span> <span class='ocrx_word' id='word_1_363' title='bbox 670 2261 809 2308; x_wconf 84' lang='lat' dir='ltr'>medii</span> <span class='ocrx_word' id='word_1_364' title='bbox 823 2263 1058 2324; x_wconf 81' lang='lat' dir='ltr'>temporis.</span> 
     </span>
     <span class='ocr_line' id='line_1_35' title="bbox 410 2321 2016 2390; baseline 0 -18"><span class='ocrx_word' id='word_1_365' title='bbox 410 2324 451 2372; x_wconf 89' lang='lat' dir='ltr'>V</span> <span class='ocrx_word' id='word_1_366' title='bbox 472 2326 502 2371; x_wconf 86' lang='grc' dir='ltr'>Ι.</span> <span class='ocrx_word' id='word_1_367' title='bbox 540 2327 736 2388; x_wconf 82' lang='lat' dir='ltr'>Qarto‚</span> <span class='ocrx_word' id='word_1_368' title='bbox 754 2341 848 2372; x_wconf 89' lang='lat' dir='ltr'>non</span> <span class='ocrx_word' id='word_1_369' title='bbox 865 2325 1010 2372; x_wconf 82' lang='lat' dir='ltr'>teneri</span> <span class='ocrx_word' id='word_1_370' title='bbox 1026 2340 1130 2369; x_wconf 87' lang='lat' dir='ltr'>eum</span> <span class='ocrx_word' id='word_1_371' title='bbox 1146 2323 1204 2370; x_wconf 88' lang='lat' dir='ltr'>ad</span> <span class='ocrx_word' id='word_1_372' title='bbox 1220 2321 1389 2372; x_wconf 59' lang='lat' dir='ltr'>fructus</span> <span class='ocrx_word' id='word_1_373' title='bbox 1403 2341 1520 2388; x_wconf 86' lang='lat' dir='ltr'>quos</span> <span class='ocrx_word' id='word_1_374' title='bbox 1537 2325 1768 2387; x_wconf 79' lang='lat' dir='ltr'>percipere</span> <span class='ocrx_word' id='word_1_375' title='bbox 1782 2326 1978 2390; x_wconf 80' lang='lat' dir='ltr'>neglexit</span> <span class='ocrx_word' id='word_1_376' title='bbox 2000 2343 2016 2377; x_wconf 89' lang='grc'>;</span> 
     </span>
     <span class='ocr_line' id='line_1_36' title="bbox 343 2385 1770 2455; baseline 0 -21"><span class='ocrx_word' id='word_1_377' title='bbox 343 2405 444 2453; x_wconf 85' lang='lat' dir='ltr'>quia</span> <span class='ocrx_word' id='word_1_378' title='bbox 459 2404 538 2433; x_wconf 89' lang='lat' dir='ltr'>nec</span> <span class='ocrx_word' id='word_1_379' title='bbox 558 2404 654 2433; x_wconf 88' lang='lat' dir='ltr'>rem</span> <span class='ocrx_word' id='word_1_380' title='bbox 672 2388 829 2443; x_wconf 82' lang='lat' dir='ltr'>habet,</span> <span class='ocrx_word' id='word_1_381' title='bbox 849 2403 931 2434; x_wconf 87' lang='lat' dir='ltr'>nee</span> <span class='ocrx_word' id='word_1_382' title='bbox 949 2389 1191 2455; x_wconf 78' lang='lat' dir='ltr'>quicquam</span> <span class='ocrx_word' id='word_1_383' title='bbox 1209 2385 1335 2449; x_wconf 88' lang='lat' dir='ltr'>quod</span> <span class='ocrx_word' id='word_1_384' title='bbox 1355 2391 1418 2433; x_wconf 88' lang='lat' dir='ltr'>rei</span> <span class='ocrx_word' id='word_1_385' title='bbox 1436 2388 1542 2435; x_wconf 90' lang='lat' dir='ltr'>loco</span> <span class='ocrx_word' id='word_1_386' title='bbox 1559 2388 1770 2435; x_wconf 81' lang='lat' dir='ltr'>succedit.</span> 
     </span>
     <span class='ocr_line' id='line_1_37' title="bbox 411 2449 2015 2513; baseline -0.001 -15"><span class='ocrx_word' id='word_1_387' title='bbox 411 2451 451 2498; x_wconf 91' lang='lat' dir='ltr'>V</span> <span class='ocrx_word' id='word_1_388' title='bbox 471 2451 489 2497; x_wconf 95' lang='lat' dir='ltr'>I</span> <span class='ocrx_word' id='word_1_389' title='bbox 508 2450 542 2496; x_wconf 91' lang='grc' dir='ltr'>Ι.</span> <span class='ocrx_word' id='word_1_390' title='bbox 586 2452 788 2513; x_wconf 78' lang='lat' dir='ltr'>Qmo,</span> <span class='ocrx_word' id='word_1_391' title='bbox 811 2450 840 2496; x_wconf 84' lang='lat' dir='ltr'><strong>fi</strong></span> <span class='ocrx_word' id='word_1_392' title='bbox 859 2451 959 2499; x_wconf 77' lang='lat' dir='ltr'>talis</span> <span class='ocrx_word' id='word_1_393' title='bbox 978 2449 1189 2512; x_wconf 80' lang='lat' dir='ltr'>posseffor</span> <span class='ocrx_word' id='word_1_394' title='bbox 1210 2465 1305 2496; x_wconf 84' lang='lat' dir='ltr'>rem</span> <span class='ocrx_word' id='word_1_395' title='bbox 1333 2450 1409 2497; x_wconf 82' lang='lat' dir='ltr'>fibi</span> <span class='ocrx_word' id='word_1_396' title='bbox 1427 2452 1646 2498; x_wconf 82' lang='lat' dir='ltr'>donatam</span> <span class='ocrx_word' id='word_1_397' title='bbox 1664 2453 1735 2498; x_wconf 84' lang='lat' dir='ltr'>alii</span> <span class='ocrx_word' id='word_1_398' title='bbox 1756 2450 2015 2508; x_wconf 84' lang='lat' dir='ltr'>donaverit,</span> 
     </span>
     <span class='ocr_line' id='line_1_38' title="bbox 343 2512 2018 2562; baseline 0.001 -2"><span class='ocrx_word' id='word_1_399' title='bbox 343 2529 436 2560; x_wconf 88' lang='lat' dir='ltr'>non</span> <span class='ocrx_word' id='word_1_400' title='bbox 453 2515 598 2560; x_wconf 90' lang='lat' dir='ltr'>teneri</span> <span class='ocrx_word' id='word_1_401' title='bbox 617 2529 720 2560; x_wconf 84' lang='lat' dir='ltr'>eum</span> <span class='ocrx_word' id='word_1_402' title='bbox 740 2513 816 2560; x_wconf 83' lang='lat' dir='ltr'>nifi</span> <span class='ocrx_word' id='word_1_403' title='bbox 832 2514 1022 2558; x_wconf 87' lang='lat' dir='ltr'>omnino</span> <span class='ocrx_word' id='word_1_404' title='bbox 1040 2513 1179 2558; x_wconf 78' lang='lat' dir='ltr'>etiam</span> <span class='ocrx_word' id='word_1_405' title='bbox 1193 2512 1288 2558; x_wconf 64' lang='lat' dir='ltr'>&#39;fine</span> <span class='ocrx_word' id='word_1_406' title='bbox 1316 2512 1399 2560; x_wconf 90' lang='lat' dir='ltr'>hac</span> <span class='ocrx_word' id='word_1_407' title='bbox 1426 2531 1472 2560; x_wconf 92' lang='lat' dir='ltr'>re</span> <span class='ocrx_word' id='word_1_408' title='bbox 1488 2515 1737 2562; x_wconf 82' lang='lat' dir='ltr'>donaturus</span> <span class='ocrx_word' id='word_1_409' title='bbox 1752 2515 2018 2562; x_wconf 82' lang='lat' dir='ltr'>tantundem</span> 
     </span>
     <span class='ocr_line' id='line_1_39' title="bbox 343 2573 1514 2639; baseline 0.002 -18"><span class='ocrx_word' id='word_1_410' title='bbox 343 2574 488 2623; x_wconf 75' lang='lat' dir='ltr'>fuisset</span> <span class='ocrx_word' id='word_1_411' title='bbox 503 2594 511 2624; x_wconf 92' lang='lat'>:</span> <span class='ocrx_word' id='word_1_412' title='bbox 532 2592 636 2623; x_wconf 87' lang='lat' dir='ltr'>tunc</span> <span class='ocrx_word' id='word_1_413' title='bbox 654 2578 773 2623; x_wconf 88' lang='lat' dir='ltr'>enim</span> <span class='ocrx_word' id='word_1_414' title='bbox 789 2577 965 2622; x_wconf 87' lang='lat' dir='ltr'>lucrum</span> <span class='ocrx_word' id='word_1_415' title='bbox 984 2576 1071 2621; x_wconf 88' lang='lat' dir='ltr'>erit</span> <span class='ocrx_word' id='word_1_416' title='bbox 1085 2575 1149 2622; x_wconf 89' lang='lat' dir='ltr'>rei</span> <span class='ocrx_word' id='word_1_417' title='bbox 1167 2573 1245 2622; x_wconf 75' lang='lat' dir='ltr'>stiae</span> <span class='ocrx_word' id='word_1_418' title='bbox 1261 2578 1514 2639; x_wconf 76' lang='lat' dir='ltr'>pepercisse.</span> 
     </span>
    </p>
   </div>
   <div class='ocr_carea' id='block_1_6' title="bbox 107 2625 2020 2875">
    <p class='ocr_par' dir='ltr' id='par_1_6' title="bbox 107 2625 2020 2874">
     <span class='ocr_line' id='line_1_40' title="bbox 113 2625 2019 2709; baseline -0.006 -20"><span class='ocrx_word' id='word_1_419' title='bbox 113 2625 324 2709; x_wconf 52' lang='lat' dir='ltr'>5¹⁴·uffmg‘u‘</span> <span class='ocrx_word' id='word_1_420' title='bbox 407 2640 449 2686; x_wconf 84' lang='lat' dir='ltr'>V</span> <span class='ocrx_word' id='word_1_421' title='bbox 471 2640 523 2685; x_wconf 84' lang='lat'>11</span> <span class='ocrx_word' id='word_1_422' title='bbox 543 2640 575 2685; x_wconf 86' lang='lat'>1.</span> <span class='ocrx_word' id='word_1_423' title='bbox 615 2638 777 2693; x_wconf 80' lang='lat' dir='ltr'>SextO,</span> <span class='ocrx_word' id='word_1_424' title='bbox 796 2638 825 2687; x_wconf 86' lang='lat' dir='ltr'>fi</span> <span class='ocrx_word' id='word_1_425' title='bbox 842 2654 937 2685; x_wconf 90' lang='lat' dir='ltr'>rem</span> <span class='ocrx_word' id='word_1_426' title='bbox 951 2653 1123 2685; x_wconf 87' lang='lat' dir='ltr'>emtam</span> <span class='ocrx_word' id='word_1_427' title='bbox 1143 2637 1399 2686; x_wconf 71' lang='lat' dir='ltr'>vendiderit</span> <span class='ocrx_word' id='word_1_428' title='bbox 1416 2680 1426 2697; x_wconf 92' lang='lat'>,</span> <span class='ocrx_word' id='word_1_429' title='bbox 1451 2657 1541 2688; x_wconf 89' lang='lat' dir='ltr'>non</span> <span class='ocrx_word' id='word_1_430' title='bbox 1558 2640 1698 2687; x_wconf 86' lang='lat' dir='ltr'>teneri</span> <span class='ocrx_word' id='word_1_431' title='bbox 1721 2679 1732 2694; x_wconf 87' lang='lat'>‚</span> <span class='ocrx_word' id='word_1_432' title='bbox 1767 2639 1843 2686; x_wconf 84' lang='lat' dir='ltr'>nisi</span> <span class='ocrx_word' id='word_1_433' title='bbox 1861 2654 2019 2703; x_wconf 74' lang='lat' dir='ltr'>quate-</span> 
     </span>
     <span class='ocr_line' id='line_1_41' title="bbox 107 2699 2017 2764; baseline -0.002 -11"><span class='ocrx_word' id='word_1_434' title='bbox 107 2699 218 2763; x_wconf 41' lang='lat' dir='ltr'>simi..</span> <span class='ocrx_word' id='word_1_435' title='bbox 271 2699 278 2707; x_wconf 82' lang='grc'><strong>”</strong></span> <span class='ocrx_word' id='word_1_436' title='bbox 348 2720 426 2749; x_wconf 83' lang='lat' dir='ltr'>nus</span> <span class='ocrx_word' id='word_1_437' title='bbox 444 2701 565 2748; x_wconf 80' lang='lat' dir='ltr'>forte</span> <span class='ocrx_word' id='word_1_438' title='bbox 582 2703 719 2764; x_wconf 88' lang='lat' dir='ltr'>pluris</span> <span class='ocrx_word' id='word_1_439' title='bbox 734 2701 990 2747; x_wconf 83' lang='lat' dir='ltr'>vendiderit</span> <span class='ocrx_word' id='word_1_440' title='bbox 1009 2717 1019 2748; x_wconf 78' lang='lat' dir='ltr'><em>z</em></span> <span class='ocrx_word' id='word_1_441' title='bbox 1039 2700 1167 2762; x_wconf 87' lang='lat' dir='ltr'>quod</span> <span class='ocrx_word' id='word_1_442' title='bbox 1201 2701 1231 2747; x_wconf 84' lang='lat' dir='ltr'><strong>fi</strong></span> <span class='ocrx_word' id='word_1_443' title='bbox 1262 2701 1477 2750; x_wconf 84' lang='lat' dir='ltr'>donatam</span> <span class='ocrx_word' id='word_1_444' title='bbox 1497 2703 1753 2749; x_wconf 87' lang='lat' dir='ltr'>vendiderit</span> <span class='ocrx_word' id='word_1_445' title='bbox 1772 2741 1782 2758; x_wconf 85' lang='lat'>,</span> <span class='ocrx_word' id='word_1_446' title='bbox 1802 2706 1943 2750; x_wconf 85' lang='lat' dir='ltr'>teneri</span> <span class='ocrx_word' id='word_1_447' title='bbox 1958 2704 2017 2749; x_wconf 89' lang='lat' dir='ltr'>ad</span> 
     </span>
     <span class='ocr_line' id='line_1_42' title="bbox 347 2762 2020 2874; baseline 0.001 -63"><span class='ocrx_word' id='word_1_448' title='bbox 347 2766 666 2874; x_wconf 34' lang='lat' dir='ltr'>{iestztuendum</span> <span class='ocrx_word' id='word_1_449' title='bbox 680 2766 891 2827; x_wconf 87' lang='lat' dir='ltr'>pretium,</span> <span class='ocrx_word' id='word_1_450' title='bbox 912 2763 987 2810; x_wconf 78' lang='lat' dir='ltr'>nisi</span> <span class='ocrx_word' id='word_1_451' title='bbox 1018 2762 1145 2810; x_wconf 90' lang='lat' dir='ltr'>forte</span> <span class='ocrx_word' id='word_1_452' title='bbox 1161 2763 1425 2830; x_wconf 82' lang='lat' dir='ltr'>prodegerit</span> <span class='ocrx_word' id='word_1_453' title='bbox 1438 2767 1654 2830; x_wconf 90' lang='lat' dir='ltr'>pretium,</span> <span class='ocrx_word' id='word_1_454' title='bbox 1669 2767 1777 2814; x_wconf 87' lang='lat' dir='ltr'>alias</span> <span class='ocrx_word' id='word_1_455' title='bbox 1796 2783 1887 2813; x_wconf 85' lang='lat' dir='ltr'>non</span> <span class='ocrx_word' id='word_1_456' title='bbox 1906 2782 2020 2831; x_wconf 84' lang='lat' dir='ltr'>pro-</span> 
     </span>
    </p>

    <p class='ocr_par' dir='ltr' id='par_1_7' title="bbox 383 2844 574 2875">
     <span class='ocr_line' id='line_1_43' title="bbox 383 2844 574 2875; baseline 0.005 -1"><span class='ocrx_word' id='word_1_457' title='bbox 383 2846 428 2874; x_wconf 56' lang='lat' dir='ltr'>ab</span> <span class='ocrx_word' id='word_1_458' title='bbox 452 2844 574 2875; x_wconf 65' lang='lat' dir='ltr'><strong>UTUS·</strong></span> 
     </span>
    </p>
   </div>
   <div class='ocr_carea' id='block_1_7' title="bbox 108 2883 2022 3389">
    <p class='ocr_par' dir='ltr' id='par_1_8' title="bbox 108 2883 2022 3389">
     <span class='ocr_line' id='line_1_44' title="bbox 112 2883 2018 2962; baseline 0.001 -26"><span class='ocrx_word' id='word_1_459' title='bbox 112 2883 178 2962; x_wconf 65' lang='lat'>¹13⁸</span> <span class='ocrx_word' id='word_1_460' title='bbox 181 2886 191 2918; x_wconf 71' lang='lat'><strong><em>¹</em></strong></span> <span class='ocrx_word' id='word_1_461' title='bbox 208 2886 332 2926; x_wconf 55' lang='lat' dir='ltr'>“W&#39;m·</span> <span class='ocrx_word' id='word_1_462' title='bbox 414 2891 433 2937; x_wconf 92' lang='lat' dir='ltr'>I</span> <span class='ocrx_word' id='word_1_463' title='bbox 452 2890 514 2935; x_wconf 88' lang='lat' dir='ltr'>X.</span> <span class='ocrx_word' id='word_1_464' title='bbox 547 2889 772 2954; x_wconf 76' lang='lat' dir='ltr'>Septimo,</span> <span class='ocrx_word' id='word_1_465' title='bbox 791 2906 888 2936; x_wconf 91' lang='lat' dir='ltr'>rem</span> <span class='ocrx_word' id='word_1_466' title='bbox 908 2890 1099 2936; x_wconf 80' lang='lat' dir='ltr'>alienam</span> <span class='ocrx_word' id='word_1_467' title='bbox 1117 2888 1238 2937; x_wconf 86' lang='lat' dir='ltr'>bona</span> <span class='ocrx_word' id='word_1_468' title='bbox 1255 2891 1342 2936; x_wconf 80' lang='lat' dir='ltr'>fide</span> <span class='ocrx_word' id='word_1_469' title='bbox 1358 2904 1563 2953; x_wconf 87' lang='lat' dir='ltr'>emptam</span> <span class='ocrx_word' id='word_1_470' title='bbox 1582 2890 1911 2947; x_wconf 88' lang='lat' dir='ltr'>restituendam,</span> <span class='ocrx_word' id='word_1_471' title='bbox 1933 2906 2018 2938; x_wconf 86' lang='lat' dir='ltr'>nec</span> 
     </span>
     <span class='ocr_line' id='line_1_45' title="bbox 112 2934 2018 3017; baseline 0.002 -19"><span class='ocrx_word' id='word_1_472' title='bbox 112 2934 321 3015; x_wconf 37' lang='lat' dir='ltr'>heu-‘222³&#39;</span> <span class='ocrx_word' id='word_1_473' title='bbox 348 2953 470 3013; x_wconf 81' lang='lat' dir='ltr'>posse</span> <span class='ocrx_word' id='word_1_474' title='bbox 489 2969 728 3017; x_wconf 63' lang='lat' dir='ltr'>erogatum</span> <span class='ocrx_word' id='word_1_475' title='bbox 749 2955 942 3015; x_wconf 83' lang='lat' dir='ltr'>pretium</span> <span class='ocrx_word' id='word_1_476' title='bbox 962 2954 1121 3016; x_wconf 78' lang='lat' dir='ltr'>repeti.</span> <span class='ocrx_word' id='word_1_477' title='bbox 1153 2955 1224 2998; x_wconf 88' lang='lat' dir='ltr'>cui</span> <span class='ocrx_word' id='word_1_478' title='bbox 1238 2954 1397 3017; x_wconf 74' lang='lat' dir='ltr'>regulae</span> <span class='ocrx_word' id='word_1_479' title='bbox 1416 2953 1504 3001; x_wconf 80' lang='lat' dir='ltr'>haec</span> <span class='ocrx_word' id='word_1_480' title='bbox 1521 2954 1730 3000; x_wconf 87' lang='lat' dir='ltr'>addenda</span> <span class='ocrx_word' id='word_1_481' title='bbox 1750 2956 1859 3001; x_wconf 86' lang='lat' dir='ltr'>mihi</span> <span class='ocrx_word' id='word_1_482' title='bbox 1888 2954 2018 3001; x_wconf 90' lang='lat' dir='ltr'>vide-</span> 
     </span>
     <span class='ocr_line' id='line_1_46' title="bbox 112 3011 2022 3080; baseline 0.003 -23"><span class='ocrx_word' id='word_1_483' title='bbox 112 3026 153 3055; x_wconf 71' lang='grc' dir='ltr'>ι..</span> <span class='ocrx_word' id='word_1_484' title='bbox 170 3027 235 3061; x_wconf 66' lang='lat' dir='ltr'>sed</span> <span class='ocrx_word' id='word_1_485' title='bbox 253 3011 327 3076; x_wconf 46' lang='grc' dir='ltr'>(νὴ</span> <span class='ocrx_word' id='word_1_486' title='bbox 348 3031 420 3062; x_wconf 89' lang='lat' dir='ltr'>tur</span> <span class='ocrx_word' id='word_1_487' title='bbox 435 3018 647 3077; x_wconf 68' lang='lat' dir='ltr'>exceptio</span> <span class='ocrx_word' id='word_1_488' title='bbox 673 3056 684 3071; x_wconf 81' lang='lat'>,</span> <span class='ocrx_word' id='word_1_489' title='bbox 705 3021 733 3048; x_wconf 85' lang='lat'><strong>*</strong></span> <span class='ocrx_word' id='word_1_490' title='bbox 754 3015 827 3061; x_wconf 78' lang='lat' dir='ltr'>nifi</span> <span class='ocrx_word' id='word_1_491' title='bbox 849 3032 1068 3077; x_wconf 72' lang='lat' dir='ltr'>quatenus</span> <span class='ocrx_word' id='word_1_492' title='bbox 1086 3016 1297 3061; x_wconf 80' lang='lat' dir='ltr'>dominus</span> <span class='ocrx_word' id='word_1_493' title='bbox 1311 3018 1373 3062; x_wconf 89' lang='lat' dir='ltr'>rei</span> <span class='ocrx_word' id='word_1_494' title='bbox 1392 3016 1470 3062; x_wconf 81' lang='lat' dir='ltr'>sua:</span> <span class='ocrx_word' id='word_1_495' title='bbox 1488 3016 1801 3080; x_wconf 81' lang='lat' dir='ltr'>posseffionem</span> <span class='ocrx_word' id='word_1_496' title='bbox 1817 3019 2022 3078; x_wconf 82' lang='lat' dir='ltr'>recipere</span> 
     </span>
     <span class='ocr_line' id='line_1_47' title="bbox 113 3074 2017 3150; baseline 0.002 -28"><span class='ocrx_word' id='word_1_497' title='bbox 113 3074 322 3150; x_wconf 38' lang='lat'>2201&amp;</span> <span class='ocrx_word' id='word_1_498' title='bbox 344 3078 430 3123; x_wconf 79' lang='lat' dir='ltr'>sine</span> <span class='ocrx_word' id='word_1_499' title='bbox 446 3079 680 3136; x_wconf 83' lang='lat' dir='ltr'>impendio</span> <span class='ocrx_word' id='word_1_500' title='bbox 702 3078 855 3139; x_wconf 84' lang='lat' dir='ltr'>aliquo</span> <span class='ocrx_word' id='word_1_501' title='bbox 870 3078 1168 3140; x_wconf 71' lang='lat' dir='ltr'>probabiliter</span> <span class='ocrx_word' id='word_1_502' title='bbox 1185 3095 1276 3124; x_wconf 84' lang='lat' dir='ltr'>non</span> <span class='ocrx_word' id='word_1_503' title='bbox 1292 3081 1440 3140; x_wconf 82' lang='lat' dir='ltr'>potuit</span> <span class='ocrx_word' id='word_1_504' title='bbox 1460 3118 1470 3135; x_wconf 91' lang='lat'>,</span> <span class='ocrx_word' id='word_1_505' title='bbox 1490 3095 1537 3126; x_wconf 87' lang='lat' dir='ltr'>ut</span> <span class='ocrx_word' id='word_1_506' title='bbox 1556 3095 1660 3141; x_wconf 85' lang='lat' dir='ltr'>puta</span> <span class='ocrx_word' id='word_1_507' title='bbox 1679 3080 1707 3125; x_wconf 85' lang='lat' dir='ltr'>fi</span> <span class='ocrx_word' id='word_1_508' title='bbox 1727 3096 1797 3126; x_wconf 85' lang='lat' dir='ltr'>res</span> <span class='ocrx_word' id='word_1_509' title='bbox 1814 3079 1932 3143; x_wconf 81' lang='lat' dir='ltr'>apud</span> <span class='ocrx_word' id='word_1_510' title='bbox 1946 3081 2017 3144; x_wconf 87' lang='lat' dir='ltr'>pi·-</span> 
     </span>
     <span class='ocr_line' id='line_1_48' title="bbox 108 3134 2020 3205; baseline 0.002 -20"><span class='ocrx_word' id='word_1_511' title='bbox 108 3134 312 3205; x_wconf 62' lang='lat' dir='ltr'>s.&#39;„„,[‡‚&#39;,“&#39;&#39;&#39;D</span> <span class='ocrx_word' id='word_1_512' title='bbox 344 3157 457 3188; x_wconf 80' lang='lat' dir='ltr'>ratas</span> <span class='ocrx_word' id='word_1_513' title='bbox 476 3137 759 3188; x_wconf 83' lang='lat' dir='ltr'>fuerit.Tunc</span> <span class='ocrx_word' id='word_1_514' title='bbox 775 3142 895 3186; x_wconf 86' lang='lat' dir='ltr'>enim</span> <span class='ocrx_word' id='word_1_515' title='bbox 914 3141 1077 3186; x_wconf 87' lang='lat' dir='ltr'>deduci</span> <span class='ocrx_word' id='word_1_516' title='bbox 1096 3143 1265 3204; x_wconf 88' lang='lat' dir='ltr'>poterit</span> <span class='ocrx_word' id='word_1_517' title='bbox 1279 3157 1498 3203; x_wconf 87' lang='lat' dir='ltr'>quantum</span> <span class='ocrx_word' id='word_1_518' title='bbox 1515 3142 1726 3189; x_wconf 86' lang='lat' dir='ltr'>domiuus</span> <span class='ocrx_word' id='word_1_519' title='bbox 1739 3141 2020 3204; x_wconf 84' lang='lat' dir='ltr'>impensurus</span> 
     </span>
     <span class='ocr_line' id='line_1_49' title="bbox 112 3195 2020 3267; baseline 0.005 -27"><span class='ocrx_word' id='word_1_520' title='bbox 112 3212 151 3241; x_wconf 63' lang='lat' dir='ltr'>ae</span> <span class='ocrx_word' id='word_1_521' title='bbox 169 3195 327 3255; x_wconf 53' lang='lat' dir='ltr'>reaus&#39;mss</span> <span class='ocrx_word' id='word_1_522' title='bbox 345 3203 532 3249; x_wconf 86' lang='lat' dir='ltr'>libenter</span> <span class='ocrx_word' id='word_1_523' title='bbox 555 3205 716 3250; x_wconf 77' lang='lat' dir='ltr'>fuerat.</span> <span class='ocrx_word' id='word_1_524' title='bbox 748 3203 838 3266; x_wconf 62' lang='lat' dir='ltr'>ipsi</span> <span class='ocrx_word' id='word_1_525' title='bbox 855 3205 973 3249; x_wconf 86' lang='lat' dir='ltr'>enim</span> <span class='ocrx_word' id='word_1_526' title='bbox 995 3204 1096 3252; x_wconf 66' lang='lat' dir='ltr'>fasti</span> <span class='ocrx_word' id='word_1_527' title='bbox 1112 3204 1318 3266; x_wconf 81' lang='lat' dir='ltr'>poffeffio</span> <span class='ocrx_word' id='word_1_528' title='bbox 1340 3244 1349 3262; x_wconf 88' lang='lat'>‚</span> <span class='ocrx_word' id='word_1_529' title='bbox 1371 3203 1606 3264; x_wconf 79' lang='lat' dir='ltr'>praesertim</span> <span class='ocrx_word' id='word_1_530' title='bbox 1622 3219 1883 3267; x_wconf 71' lang='lat' dir='ltr'>recuperati]</span> <span class='ocrx_word' id='word_1_531' title='bbox 1899 3204 2020 3250; x_wconf 82' lang='lat' dir='ltr'>diffi-</span> 
     </span>
     <span class='ocr_line' id='line_1_50' title="bbox 110 3258 2017 3331; baseline 0.003 -23"><span class='ocrx_word' id='word_1_532' title='bbox 110 3258 329 3302; x_wconf 60' lang='lat' dir='ltr'>‘1“¹¹·L·1¹·1a-</span> <span class='ocrx_word' id='word_1_533' title='bbox 348 3267 442 3311; x_wconf 62' lang='lat' dir='ltr'>cili&lt;</span> <span class='ocrx_word' id='word_1_534' title='bbox 459 3304 469 3320; x_wconf 92' lang='lat'>‚</span> <span class='ocrx_word' id='word_1_535' title='bbox 499 3268 559 3312; x_wconf 84' lang='lat' dir='ltr'>est</span> <span class='ocrx_word' id='word_1_536' title='bbox 592 3265 759 3326; x_wconf 79' lang='lat' dir='ltr'>aliquid</span> <span class='ocrx_word' id='word_1_537' title='bbox 789 3265 1066 3323; x_wconf 70' lang='lat' dir='ltr'>aestiniabile,</span> <span class='ocrx_word' id='word_1_538' title='bbox 1103 3268 1152 3312; x_wconf 87' lang='lat'>&amp;</span> <span class='ocrx_word' id='word_1_539' title='bbox 1182 3268 1226 3312; x_wconf 91' lang='lat' dir='ltr'>in</span> <span class='ocrx_word' id='word_1_540' title='bbox 1242 3267 1331 3313; x_wconf 89' lang='lat' dir='ltr'>hoc</span> <span class='ocrx_word' id='word_1_541' title='bbox 1358 3267 1571 3314; x_wconf 87' lang='lat' dir='ltr'>dominus</span> <span class='ocrx_word' id='word_1_542' title='bbox 1588 3269 1685 3331; x_wconf 83' lang='lat' dir='ltr'>post</span> <span class='ocrx_word' id='word_1_543' title='bbox 1703 3283 1798 3314; x_wconf 88' lang='lat' dir='ltr'>rem</span> <span class='ocrx_word' id='word_1_544' title='bbox 1812 3268 2017 3315; x_wconf 80' lang='lat' dir='ltr'>amiffam</span> 
     </span>
     <span class='ocr_line' id='line_1_51' title="bbox 114 3314 2016 3389; baseline 0.001 -16"><span class='ocrx_word' id='word_1_545' title='bbox 114 3314 238 3350; x_wconf 55' lang='lat' dir='ltr'>&#39;‘m‘&#39;</span> <span class='ocrx_word' id='word_1_546' title='bbox 342 3328 543 3375; x_wconf 77' lang='lat' dir='ltr'>censetur</span> <span class='ocrx_word' id='word_1_547' title='bbox 571 3329 713 3375; x_wconf 74' lang='lat' dir='ltr'>faCtus</span> <span class='ocrx_word' id='word_1_548' title='bbox 742 3328 1032 3389; x_wconf 89' lang='lat' dir='ltr'>locupletior.</span> <span class='ocrx_word' id='word_1_549' title='bbox 1072 3329 1133 3377; x_wconf 86' lang='lat' dir='ltr'>Et</span> <span class='ocrx_word' id='word_1_550' title='bbox 1167 3329 1277 3377; x_wconf 89' lang='lat' dir='ltr'>ideo</span> <span class='ocrx_word' id='word_1_551' title='bbox 1309 3345 1414 3377; x_wconf 87' lang='lat' dir='ltr'>cum</span> <span class='ocrx_word' id='word_1_552' title='bbox 1431 3331 1496 3377; x_wconf 86' lang='lat' dir='ltr'>rei</span> <span class='ocrx_word' id='word_1_553' title='bbox 1523 3328 1605 3379; x_wconf 82' lang='lat' dir='ltr'>suae</span> <span class='ocrx_word' id='word_1_554' title='bbox 1621 3331 1767 3379; x_wconf 85' lang='lat' dir='ltr'>emtio</span> <span class='ocrx_word' id='word_1_555' title='bbox 1783 3329 2016 3378; x_wconf 89' lang='lat' dir='ltr'>ordinario</span> 
     </span>
    </p>
   </div>
   <div class='ocr_carea' id='block_1_8' title="bbox 1911 3393 2016 3452">
    <p class='ocr_par' dir='ltr' id='par_1_9' title="bbox 1911 3393 2016 3452">
     <span class='ocr_line' id='line_1_52' title="bbox 1911 3393 2016 3452; baseline 0 -14"><span class='ocrx_word' id='word_1_556' title='bbox 1911 3393 2016 3452; x_wconf 75' lang='lat' dir='ltr'>jure</span> 
     </span>
    </p>
   </div>
  </div>
 </body>
</html>
