2527 3938
906 301 1768 358 Pnottconeun,

500 377 596 424 quo
607 362 1069 439 traditasuntmodoss
1086 368 1177 417 Sed
1189 372 1237 418 &
1254 390 1404 423 mores
1418 377 1536 442 apud
1556 376 1832 435 Christianos
1844 382 1945 432 illos
1960 399 2159 439 veteres,

499 427 637 495 8fqu1
653 440 762 475 tanti
779 433 972 479 nominis
988 432 1236 493 mensuram
1254 438 1511 500 implebant,
1531 457 1631 489 rece
1665 445 1714 500 ti,
1736 459 1811 491 aut
1826 445 1997 493 laudati
2019 487 2029 504 ,
2051 466 2148 496 me-

498 500 595 557 nto
608 501 696 560 pro
710 492 951 541 canonibus
964 495 1339 546 valent.Secunda
1356 502 1452 563 post
1463 503 1545 549 hos
1564 520 1618 550 au
1665 508 1804 553 oritas
1819 508 1879 553 est
1891 525 2051 556 eorum
2069 514 2145 573 qui

496 547 583 596 suis
609 566 776 616 quique
792 556 1073 621 temporibus
1096 560 1274 619 pietatis
1301 563 1349 607 δε
1367 563 1576 611 ἀοέὶτίῃκ
1601 566 1721 614 fama
1737 570 1851 615 inter
1866 569 2145 621 Christianos

495 610 911 682 floruerunt‚neque
920 622 1071 683 gravis
1083 622 1337 684 cujusquam
1358 628 1678 677 errorisnotati
1695 629 1915 678 sumniam
1930 635 1976 679 δε
1990 633 2032 679 hi
2048 652 2142 696 qua·

495 673 832 748 dicunt—magna
855 698 960 729 cum
979 682 1296 738 asseveratione
1313 724 1326 743 ,
1353 690 1400 733 &
1432 690 1551 751 quali
1576 706 1808 755 comperta
1825 730 1835 744 ‚
1855 710 2138 744 momentum

491 751 590 806 pon
599 756 813 810 exiguum
829 744 994 801 habere
1010 744 1191 803 debent,
1202 746 1260 793 ad
1278 750 1610 812 interpretanda
1621 769 1712 815 quae
1726 753 1912 803 obscura
1927 757 2137 806 videntur

489 814 540 865 ln
556 798 687 872 sacris
702 803 864 864 literis,
877 823 1026 869 eoque
1042 810 1185 869 majus
1202 825 1293 872 quo
1311 812 1359 857 δε
1377 812 1567 874 plurium
1585 830 1765 878 apparet
1785 819 2016 866 consensus
2036 857 2047 875 ,
2085 823 2134 867 δε

487 877 676 926 propius
691 867 918 917 acceditur
936 869 992 917 ad
1006 872 1157 933 primae
1175 873 1377 934 puritatis
1396 889 1627 938 tempora„
1659 890 1762 924 cum
1779 894 1857 926 nec
1873 880 2132 930 dominatus

487 924 639 995 adhuc
656 944 740 976 nec
751 933 893 978 coitio
908 931 996 979 ulla
1017 933 1291 995 primitivam
1309 937 1541 983 veritatem
1567 939 1818 999 adulterare
1833 945 1996 1004 potuit.
2035 946 2127 1007 Q

485 987 561 1035 his
579 987 871 1046 successerunt
882 993 1142 1042 Scholastici
1160 1011 1372 1059 quantum
1388 1000 1562 1063 ingenio
1577 1001 1748 1047 valeant
1761 1002 1865 1065 sape
1879 1004 2130 1057 ostendunt}

486 1047 567 1097 sed
582 1051 628 1102 in
644 1052 836 1106 infelicia
852 1058 900 1103 &
917 1059 1082 1105 artium
1096 1056 1316 1105 bonarum
1329 1061 1482 1123 ignara
1498 1061 1644 1108 saecula
1655 1064 1900 1112 inciderunt
1916 1082 1927 1113 ε
1946 1070 2128 1129 quomi-

485 1127 569 1160 nus
586 1116 753 1165 mirum
767 1119 798 1165 fi
813 1120 928 1166 inter
943 1120 1083 1168 multa
1098 1119 1331 1179 laudanda,
1347 1124 1490 1185 aliqua
1505 1125 1552 1169 ὅτ
1567 1124 1865 1173 condonanda
1883 1127 1994 1175 sunt.
2028 1130 2125 1177 Ta-

480 1190 588 1223 men
602 1175 679 1225 ubi
696 1181 741 1226 in
756 1196 805 1228 re
822 1197 1004 1234 morum
1022 1182 1300 1229 consentiunt
1315 1221 1328 1240 ,
1359 1186 1436 1233 vix
1449 1184 1509 1230 est
1527 1201 1577 1232 ut
1591 1202 1741 1234 errent
1757 1204 1768 1234 ;
1792 1190 1951 1252 quippe
1962 1192 2124 1253 perspi-

478 1253 612 1287 caces
637 1241 893 1291 admodum
914 1244 974 1291 ad
995 1261 1049 1291 ea
1076 1245 1269 1292 videnda
1285 1263 1379 1308 quae
1409 1248 1454 1293 in
1484 1246 1674 1294 aliorum
1704 1250 1830 1297 dietis
1860 1254 2123 1314 reprehendi

477 1302 656 1364 poffunt
674 1319 687 1352 :
714 1305 758 1351 in
774 1322 866 1369 quo
881 1307 978 1370 ipso
1004 1321 1157 1354 tamen
1174 1307 1347 1361 diverla
1363 1309 1515 1355 tuendi
1533 1310 1677 1357 studio
1693 1312 1911 1359 laudabile
1927 1314 2118 1375 praebent

475 1365 705 1412 modestiae
721 1370 996 1433 exemplum,
1017 1368 1264 1417 rationibus
1276 1373 1389 1418 inter
1399 1371 1440 1417 se
1453 1386 1690 1429 certantes,
1707 1390 1811 1430 non,
1831 1376 1902 1437 qui
1920 1391 2022 1423 mos
2038 1394 2121 1423 nu-

472 1442 556 1490 per
569 1427 688 1475 adeo
704 1429 855 1478 literas
868 1433 1097 1495 inquinare
1116 1433 1253 1494 coepit
1270 1472 1281 1490 ‚
1309 1435 1519 1481 convitiis
1539 1471 1550 1486 ,
1575 1438 1693 1498 turpi
1718 1434 1832 1482 foetu
1855 1438 2115 1499 impotentis

471 1492 629 1538 animi.
671 1490 786 1540 Iuris
811 1491 1008 1542 Romani
1030 1494 1254 1542 scientiam
1282 1495 1587 1558 profitentium
1603 1500 1685 1543 tria
1700 1497 1793 1544 sunt
1807 1513 1983 1561 genera.
2019 1498 2116 1545 Pri-

470 1557 598 1602 mum
617 1569 779 1602 eorum
796 1557 857 1603 est
876 1572 1072 1621 quorum
1086 1573 1224 1621 opera
1240 1558 1284 1603 in
1301 1557 1541 1607 Pandecte,
1568 1557 1816 1606 Codicibus
1833 1560 2118 1607 Theodofia⁴

469 1631 530 1663 no
546 1619 593 1663 δε
611 1615 873 1666 Iustinianeo
890 1658 902 1676 ,
936 1620 1040 1665 &in
1056 1618 1268 1667 Novellis
1280 1619 1670 1667 constitutionibus
1685 1635 1911 1684 apparent.
1948 1621 2112 1669 Secun-

467 1674 580 1726 dum
595 1694 678 1726 eos
687 1680 825 1727 habet
839 1683 913 1744 qui
931 1680 1104 1728 Irnerio
1118 1681 1696 1738 succefferunt,Accurfiu1n‚
1709 1683 1960 1740 Bartolum,
1974 1686 2020 1730 δε
2036 1698 2109 1730 tot

465 1739 555 1789 alia
572 1743 773 1799 nomina,
790 1760 904 1807 quos
919 1760 1052 1807 penes
1064 1743 1141 1790 diu
1158 1744 1249 1790 fori
1262 1760 1309 1790 re
1344 1760 1445 1789 num
1464 1743 1562 1790 fnit.
1587 1744 1797 1791 Tertium
1814 1761 1893 1792 eos
1907 1746 2109 1804 comple-

463 1801 615 1862 ditur,
638 1807 716 1866 qui
729 1807 1014 1854 humaniores
1029 1808 1178 1854 literas
1193 1822 1296 1854 cum
1310 1760 1463 1870 {gum
1481 1805 1624 1852 studio
1641 1813 1979 1866 conjunxerunt.
2012 1806 2110 1853 Pri-

462 1867 753 1915 mismultum
769 1867 932 1916 defero
957 1886 968 1917 :
987 1879 1090 1916 nam
1105 1871 1154 1915 &
1172 1869 1364 1915 rationes
1379 1866 1485 1931 saepe
1501 1872 1697 1930 optimas
1711 1868 1988 1932 suppeditant
2005 1907 2016 1924 ‚
2050 1868 2110 1915 ad

460 1928 862 1977 demonstrandum
875 1931 938 1987 id,
956 1931 1201 1993 quodjuris
1212 1929 1273 1977 est
1285 1945 1463 1978 naturae:
1479 1931 1527 1975 &
1546 1930 1694 1976 eidem
1711 1932 1796 1990 juri
1811 1945 1951 1992 neque
1965 1931 2110 1978 minus

458 1993 666 2057 gentium
682 1994 772 2053 juri
782 1992 1085 2040 testimonium
1102 1992 1210 2057 saepe
1254 1993 1416 2039 raebent
1430 2031 1441 2047 ,
1463 1991 1520 2038 iic
1538 2006 1689 2038 tamen
1703 1995 1752 2039 ut
1766 1993 1841 2056 ipsi
1860 2008 1948 2038 non
1962 1992 2110 2039 minus

457 2070 596 2119 quam
615 2054 687 2103 alii
703 2056 886 2103 nomina
902 2056 994 2103 haec
1009 2056 1116 2119 saepe
1143 2009 1353 2103 miAEeant
1373 2089 1382 2104 ,
1410 2055 1505 2100 imo
1521 2054 1569 2099 δε
1585 2056 1654 2114 jus
1688 2055 1889 2119 gentium
1908 2054 2012 2116 soepe
2029 2069 2110 2100 vo-

456 2131 574 2173 cent,
590 2116 638 2163 id
654 2116 780 2181 quod
796 2118 1103 2180 quorumdam
1117 2117 1332 2174 duntaxat
1344 2115 1617 2180 populorum
1629 2116 1709 2173 ⁴est,
1727 2125 1807 2163 ne‘e
1826 2130 2037 2177 tanquam
2053 2130 2112 2163 ex

454 2179 671 2227 condieto
687 2221 698 2237 ,
714 2179 788 2227 sed
800 2180 924 2242 quod
937 2180 1008 2228 alii
1025 2181 1217 2227 aliorum
1234 2179 1488 2226 imitatione
1509 2193 1603 2228 ‚aut
1617 2177 1809 2224 fortuito
1825 2192 2101 2239 receperunte

453 2240 550 2289 Sed
563 2243 612 2289 &
627 2259 723 2305 quae
743 2258 848 2290 verre
860 2244 969 2304 juris
989 2243 1083 2290 sunt
1096 2243 1297 2309 gentium
1313 2242 1418 2302 saepe
1433 2238 1623 2287 trastant
1641 2240 1889 2302 promiscue
1908 2241 1955 2285 &
1971 2239 2105 2286 indis-

451 2319 580 2351 crete
596 2320 699 2351 cum
729 2306 799 2352 his
816 2321 909 2367 quae
930 2306 1038 2366 juris
1067 2306 1162 2353 sunt
1193 2303 1418 2359 Romani,
1448 2317 1496 2348 ut
1514 2318 1571 2348 ex
1600 2301 1734 2349 titulo
1752 2301 1809 2347 de
1829 2300 2030 2362 Captivis
2051 2302 2100 2346 Sc

444 2366 726 2430 postliminio
746 2383 948 2429 apparet.
983 2367 1091 2414 Haec
1108 2380 1220 2431 ergo
1239 2372 1288 2413 ut
1302 2365 1673 2418 discernerentur,
1694 2360 2099 2410 laboravimus&-

447 2429 600 2475 cunda
614 2429 758 2475 claffis
782 2432 892 2489 juris
907 2430 1107 2478 divini&
1124 2429 1309 2475 historiae
1323 2425 1711 2484 veterisincuriosa
1735 2460 1744 2475 .
1764 2441 1922 2471 omnes
1938 2439 2097 2492 regum

447 2489 1172 2555 populorumque*controversias
1196 2490 1376 2536 definire
1401 2489 1545 2536 voluit
1575 2504 1631 2534 ex
1653 2487 1824 2550 legibus
1854 2485 2090 2540 Romanis,

448 2552 646 2611 assumtis
677 2552 904 2607 interdum
929 2552 1183 2600 canonibus.
1223 2551 1313 2598 Sed
1343 2551 1409 2596 his
1426 2565 1605 2612 quoque
1621 2563 1877 2613 temporum
1908 2546 2035 2616 suoru
2044 2561 2091 2616 m

444 2611 1020 2673 infelicitasimpedimento
1038 2613 1142 2677 saepe
1155 2613 1241 2661 fuit
1260 2652 1271 2669 ,
1287 2629 1378 2673 quo
1396 2614 1540 2670 minus
1553 2611 1669 2656 recte
1688 2614 1807 2673 leges
1821 2611 1915 2656 illas
1928 2608 2090 2654 intelli-

443 2674 728 2740 gerent,satis
740 2675 939 2724 sollertes
951 2676 1119 2739 alioqui
1138 2665 1194 2723 ad
1210 2672 1508 2737 indagandam
1526 2674 1635 2734 ecqui
1651 2672 1844 2734 bonique
1857 2683 2057 2717 naturam
2076 2683 2089 2714 ε

443 2753 538 2802 quo
555 2735 721 2786 fastum
739 2777 749 2795 ‚
765 2753 814 2786 ut
829 2740 937 2801 saepe
948 2739 1108 2802 optimi
1127 2738 1209 2784 fint
1224 2735 1447 2783 condendi
1463 2737 1571 2796 juris
1589 2735 1806 2789 auctores,
1826 2736 1964 2786 etiam
1983 2746 2088 2800 tunc

443 2817 549 2848 curn
565 2799 735 2847 conditi
750 2802 857 2861 juris
868 2802 973 2848 mali
987 2800 1082 2848 sunt
1093 2800 1368 2859 interpretes.
1394 2797 1619 2843 Audiendi
1639 2812 1749 2843 vero
1764 2810 1859 2841 tum
1872 2806 2086 2862 maxime,

443 2878 549 2910 cum
578 2861 657 2909 tali
681 2863 987 2910 consuetudini
1019 2878 1112 2923 quae
1129 2860 1381 2907 nostrorum
1397 2875 1661 2918 temporum
1679 2860 1748 2917 jus
1765 2863 1959 2923 gentium
1977 2853 2084 2923 facit

442 2919 745 2973 'testimonium
765 2925 1020 2988 perhibent.
1052 2922 1200 2970 Tertii
1216 2920 1390 2967 ordinis
1406 2921 1601 2984 magistri
1621 2957 1631 2973 ‚
1665 2921 1739 2981 qui
1760 2920 1907 2965 Roma
1915 2933 1955 2961 ni
1971 2925 2083 2974 juris

441 2984 600 3035 finibus
617 2986 661 3033 se
676 2985 907 3035 includunt
927 3025 940 3043 ‚
970 2989 1018 3032 δε
1035 2985 1078 3030 in
1096 2987 1164 3045 jus
1181 2982 1288 3029 illud
1305 2999 1544 3029 commune
1563 2997 1639 3027 aut
1667 2995 1886 3042 nunquam
1906 2989 1980 3022 aut
1993 2991 2101 3042 non-

439 3049 517 3097 nisi
533 3050 693 3096 leviter
707 3049 1007 3113 exspatiantur
1022 3085 1033 3102 ,
1054 3049 1131 3095 vix
1154 3046 1291 3092 'ullum
1311 3045 1471 3092 habent
1492 3044 1613 3090 usum
1642 3045 1716 3104 qui
1737 3041 1866 3088 nostri
1884 3039 1932 3085 fit:
1950 3053 2083 3107 argu-

438 3113 611 3160 menti:
631 3110 949 3159 scholasticam
968 3108 1256 3157 vsubtilitatem
1271 3122 1371 3152 cum
1387 3107 1535 3170 legum
1554 3107 1601 3153 &
1615 3120 1835 3151 canonum
1854 3111 2082 3161 cognitio-

438 3188 497 3222 ne
512 3174 839 3234 conjunxerunt
855 3214 866 3232 ,
898 3175 962 3219 ita
979 3176 1062 3218 uta
1088 3169 1407 3218 controversiis
1425 3170 1558 3214 etiam
1576 3167 1847 3232 populorum
1862 3179 1910 3208 ac
1924 3172 2082 3228 regum

437 3247 532 3284 non
546 3232 1014 3299 abstinetent‚Hispani
1029 3234 1125 3280 duo
1147 3231 1435 3279 Covarruvia
1450 3233 1497 3275 &
1514 3224 1612 3275 Vas
1604 3230 1743 3289 quius:
1764 3227 1832 3271 luc
1852 3238 2012 3331 magna
2029 3221 2082 3265 li·-

438 3293 882 3360 bertate,modestius
901 3297 1030 3357 alter,
1047 3310 1128 3343 nec
1145 3295 1233 3347 fine
1249 3291 1407 3386 ext-133³
1424 3288 1626 3355 quodam
1634 3287 1823 3348 judicio,
1856 3281 1917 3334 Hi
1948 3294 2096 3407 ἓξὲξ
