2527 3938
434 308 570 402 ipsis
589 307 696 375 illis
715 310 817 402 qui
832 308 866 375 ἃ
886 309 1094 376 mundi
1112 308 1406 379 consortio
1421 314 1474 378 se
1488 311 1876 393 absciderunt,

429 406 511 469 ita
531 402 584 467 se
605 401 680 467 ab
698 400 977 465 omnibus
995 402 1176 489 culpis
1196 406 1525 468 immunem
1550 406 1872 493 praestat‚ut

428 513 492 558 tu
516 539 532 566 ‚
573 497 632 555 in
654 514 723 556 ea
744 490 964 582 positus
984 494 1226 557 fortuna
1248 517 1377 582 quae
1398 499 1716 562 innumeris
1735 519 1869 586 pec-

428 581 600 649 candi
621 581 912 647 illecebris
930 583 1191 671 undique
1215 583 1536 649 obsidetur?
1554 590 1865 672 Quantum

428 698 570 737 vero
591 672 714 737 hoc
735 671 836 748 est,
859 676 1010 736 inter
1032 679 1298 760 negotia,
1316 679 1372 739 in
1395 675 1570 741 turba
1592 725 1606 751 ‚
1629 682 1685 740 in
1715 679 1862 754 aula,-

432 768 588 829 inter
618 784 712 829 tot
737 786 861 828 tam
883 762 1104 827 diverfii
1126 769 1495 851 peccantium
1516 769 1783 856 exempla
1801 770 1861 833 id

429 853 707 943 consequi
731 903 745 931 ‚
767 854 931 944 quod
951 855 1068 918 aliis
1089 853 1335 919 solitudo
1352 861 1450 920 vix
1471 905 1487 932 ,
1506 857 1649 948 saepe
1671 882 1743 923 ne
1765 864 1859 923 vix

429 948 701 1038 quidem,
722 943 948 1033 praestat
969 959 989 1008 ἓ
1007 949 1146 1008 Hoc
1165 968 1305 1009 vero
1321 946 1425 1021 est,
1449 947 1713 1035 nonjusti
1734 968 1860 1014 tan-

427 1054 579 1113 tum,
594 1036 688 1100 sed
713 1045 771 1099 δε
793 1040 989 1100 sancii
1008 1058 1229 1099 nomen
1251 1041 1307 1098 in
1334 1036 1447 1101 hac
1468 1038 1582 1126 ipsa
1603 1042 1716 1103 vita
1737 1063 1862 1104 me-

426 1131 577 1202 reri,
629 1126 797 1217 quod
818 1126 1140 1213 majoribus
1174 1131 1284 1190 tuis
1306 1130 1526 1191 Carolo
1550 1133 1777 1219 Magno
1799 1138 1859 1194 δε

426 1220 743 1286 Ludovico
767 1220 1002 1307 piorum
1024 1216 1322 1283 consensus
1343 1217 1472 1307 post
1510 1216 1742 1283 obitum
1762 1223 1861 1284 tri-

426 1307 582 1374 buit:
624 1308 747 1372 hoc
767 1307 850 1373 est
870 1306 984 1373 effe
1006 1331 1126 1372 non
1147 1309 1437 1398 gentilitio
1456 1360 1473 1381 ,
1495 1308 1587 1373 sed
1609 1307 1704 1373 suo
1724 1332 1861 1399 pro-

430 1404 560 1490 prio
578 1403 708 1487 jure
729 1397 1304 1464 Christianiffimurn.
1348 1401 1462 1464 Sed
1481 1399 1706 1466 Iustitiae
1724 1423 1861 1464 cum

427 1515 563 1582 pars
584 1490 739 1555 nulla
760 1492 790 1554 ai
812 1511 871 1554 te
891 1491 1076 1554 aliena
1097 1486 1166 1553 fit
1191 1538 1205 1562 ‚
1226 1488 1318 1553 illa
1336 1508 1537 1554 tamen
1561 1514 1691 1580 quae
1711 1494 1863 1555 circa

427 1581 561 1648 libri
583 1580 755 1668 hujus
776 1584 1110 1655 materiam,
1133 1581 1191 1644 id
1212 1579 1294 1643 est
1319 1626 1334 1653 ,
1359 1585 1512 1646 circa
1534 1579 1663 1643 belli
1688 1577 1864 1666 pacis-

429 1697 545 1763 que
565 1670 806 1737 confilia
832 1670 1091 1735 versatur
1114 1719 1128 1743 ‚
1169 1694 1240 1733 eo
1263 1674 1501 1759 proprie
1523 1689 1620 1734 tua
1640 1670 1719 1732 est
1739 1692 1862 1757 quo

428 1769 563 1830 Rex
594 1788 653 1829 es
674 1811 690 1841 ‚
727 1772 784 1828 ἅς
807 1762 1051 1852 quidem
1075 1766 1204 1825 Rex
1227 1765 1606 1838 Francorum.
1649 1765 1862 1848 Ingens

430 1854 553 1919 hoc
572 1878 824 1944 regnum
845 1874 1015 1918 tuum
1036 1900 1052 1926 ,
1098 1852 1261 1942 quod
1283 1875 1387 1940 per
1407 1870 1569 1916 tanta
1597 1868 1718 1914 tam
1738 1848 1864 1913 feli-

429 1949 590 2010 cium
612 1967 903 2010 terrarum
923 1944 1101 2033 spatia
1121 1947 1178 2006 in
1207 1963 1530 2031 utrumque
1547 1964 1709 2006 mare
1731 1963 1866 2027 pro-

429 2041 628 2102 currit:
645 2035 741 2101 sed
762 2040 953 2122 majus
974 2034 1093 2098 hoc
1117 2056 1302 2125 regno
1324 2055 1572 2123 regnum
1595 2029 1864 2118 est,quod

430 2151 618 2217 regna
650 2128 840 2193 aliena
876 2149 999 2190 non
1035 2123 1406 2210 concupiscis
1450 2127 1715 2211 Dignum
1747 2120 1866 2183 hoc

431 2236 533 2283 tua
551 2223 776 2309 pietate
802 2266 815 2292 ‚
834 2218 1082 2307 dignum
1099 2214 1208 2278 isto
1228 2213 1457 2304 fastigio
1484 2260 1499 2287 ‚
1547 2236 1664 2275 non
1687 2208 1866 2297 cujus-

430 2332 613 2399 quam
626 2315 722 2398 jus
739 2313 913 2373 armis
930 2327 1224 2380 attentare
1245 2353 1262 2381 ,
1286 2328 1405 2368 non
1428 2324 1651 2368 veteres
1669 2300 1868 2366 turba-

432 2423 496 2465 re
514 2398 698 2475 fines;
738 2399 913 2464 sedin
936 2398 1095 2463 bello
1116 2402 1269 2486 pacis
1296 2419 1505 2485 gerere
1538 2396 1866 2482 negotium,

432 2513 547 2556 nec
583 2495 846 2580 incipere
882 2487 984 2554 nifi
1011 2489 1131 2553 hoc
1151 2507 1297 2551 voto
1317 2506 1586 2574 utquam
1608 2487 1864 2573 primum

433 2581 682 2647 defluas,
728 2587 941 2669 Qam
961 2603 1102 2644 vero
1143 2575 1464 2666 pulchrum
1494 2574 1613 2637 hoc
1634 2621 1649 2648 ,
1686 2596 1865 2662 quam

433 2671 964 2764 gloriosum‚quam
985 2668 1082 2757 ipfi
1104 2666 1471 2732 conscientiae
1491 2666 1686 2728 laetum
1707 2711 1722 2739 ,
1747 2683 1810 2726 ut
1831 2659 1871 2724 fi

435 2764 676 2854 quando
696 2782 758 2828 te
779 2768 938 2828 Deus
960 2761 1033 2825 ad
1058 2757 1224 2823 suurn
1260 2779 1514 2847 regnum
1538 2802 1553 2830 ,
1598 2755 1760 2844 quod
1783 2752 1868 2815 so-

434 2857 556 2922 lum
581 2876 683 2921 tuo
703 2852 910 2921 melius
926 2850 1032 2934 est,
1050 2852 1379 2927 vocaverit,
1400 2847 1675 2999 audacti}
1698 2841 1868 2932 poffis

1136 2947 1160 2972 ¹*
1206 2964 1239 3027 3
1679 2939 1828 2998 icere
1855 2957 1868 2993 ε
