<?xml version="1.0" encoding="UTF-8"?>
<!DOCTYPE html PUBLIC "-//W3C//DTD XHTML 1.0 Transitional//EN"
    "http://www.w3.org/TR/xhtml1/DTD/xhtml1-transitional.dtd">
<html xmlns="http://www.w3.org/1999/xhtml" xml:lang="en" lang="en">
 <head>
  <title>
</title>
<meta http-equiv="Content-Type" content="text/html;charset=utf-8" />
  <meta name='ocr-system' content='tesseract 3.04.00' />
  <meta name='ocr-capabilities' content='ocr_page ocr_carea ocr_par ocr_line ocrx_word'/>
</head>
<body>
  <div class='ocr_page' id='page_1' title='image "./hugonisgrottiide010grotuoft_0464.png"; bbox 0 0 2380 3917; ppageno 0'>
   <div class='ocr_carea' id='block_1_1' title="bbox 105 1339 302 1424">
    <p class='ocr_par' dir='ltr' id='par_1_1' title="bbox 105 1339 302 1424">
     <span class='ocr_line' id='line_1_1' title="bbox 105 1339 302 1376; baseline 0.005 -4"><span class='ocrx_word' id='word_1_1' title='bbox 105 1340 207 1376; x_wconf 79' lang='lat' dir='ltr'>Diod.</span> <span class='ocrx_word' id='word_1_2' title='bbox 223 1339 302 1374; x_wconf 77' lang='lat' dir='ltr'>ltbro</span> 
     </span>
     <span class='ocr_line' id='line_1_2' title="bbox 107 1397 222 1424; baseline -0.009 -1"><span class='ocrx_word' id='word_1_3' title='bbox 107 1398 175 1424; x_wconf 65' lang='lat' dir='ltr'>xv!</span> <span class='ocrx_word' id='word_1_4' title='bbox 188 1397 201 1422; x_wconf 83' lang='lat'>1</span> <span class='ocrx_word' id='word_1_5' title='bbox 209 1410 222 1422; x_wconf 76' lang='grc' dir='ltr'><strong><em>ο</em></strong></span> 
     </span>
    </p>
   </div>
   <div class='ocr_carea' id='block_1_2' title="bbox 104 1901 262 1941">
    <p class='ocr_par' dir='ltr' id='par_1_2' title="bbox 104 1901 262 1941">
     <span class='ocr_line' id='line_1_3' title="bbox 104 1901 262 1941; baseline 0 -2"><span class='ocrx_word' id='word_1_6' title='bbox 104 1904 176 1941; x_wconf 80' lang='lat' dir='ltr'>Lib.</span> <span class='ocrx_word' id='word_1_7' title='bbox 189 1901 262 1939; x_wconf 76' lang='lat' dir='ltr'>xlv.</span> 
     </span>
    </p>
   </div>
   <div class='ocr_carea' id='block_1_3' title="bbox 105 2539 321 2633">
    <p class='ocr_par' dir='ltr' id='par_1_3' title="bbox 105 2539 321 2633">
     <span class='ocr_line' id='line_1_4' title="bbox 106 2539 321 2584; baseline 0.009 -10"><span class='ocrx_word' id='word_1_8' title='bbox 106 2540 185 2584; x_wconf 76' lang='lat' dir='ltr'>Leff</span> <span class='ocrx_word' id='word_1_9' title='bbox 201 2539 278 2575; x_wconf 56' lang='lat' dir='ltr'>lib]</span> <span class='ocrx_word' id='word_1_10' title='bbox 289 2548 302 2575; x_wconf 86' lang='lat'>1</span> <span class='ocrx_word' id='word_1_11' title='bbox 311 2562 321 2576; x_wconf 75' lang='grc' dir='ltr'><strong><em>ι</em></strong></span> 
     </span>
     <span class='ocr_line' id='line_1_5' title="bbox 105 2588 298 2633; baseline 0.016 -13"><span class='ocrx_word' id='word_1_12' title='bbox 105 2599 170 2631; x_wconf 84' lang='lat' dir='ltr'><em>c.9.</em></span> <span class='ocrx_word' id='word_1_13' title='bbox 186 2588 298 2633; x_wconf 74' lang='lat' dir='ltr'>dub.7.</span> 
     </span>
    </p>
   </div>
   <div class='ocr_carea' id='block_1_4' title="bbox 108 2728 299 2768">
    <p class='ocr_par' dir='ltr' id='par_1_4' title="bbox 108 2728 299 2768">
     <span class='ocr_line' id='line_1_6' title="bbox 108 2728 299 2768; baseline 0.005 -1"><span class='ocrx_word' id='word_1_14' title='bbox 108 2732 194 2767; x_wconf 84' lang='lat' dir='ltr'>Plut.</span> <span class='ocrx_word' id='word_1_15' title='bbox 208 2728 299 2768; x_wconf 83' lang='lat' dir='ltr'><em>Phoc.</em></span> 
     </span>
    </p>
   </div>
   <div class='ocr_carea' id='block_1_5' title="bbox 112 3163 315 3210">
    <p class='ocr_par' dir='ltr' id='par_1_5' title="bbox 112 3163 315 3210">
     <span class='ocr_line' id='line_1_7' title="bbox 112 3163 315 3210; baseline -0.01 -10"><span class='ocrx_word' id='word_1_16' title='bbox 112 3163 315 3210; x_wconf 51' lang='lat' dir='ltr'>Ost-¹1⁶3&amp;</span> 
     </span>
    </p>
   </div>
   <div class='ocr_carea' id='block_1_6' title="bbox 337 324 1579 377">
    <p class='ocr_par' dir='ltr' id='par_1_6' title="bbox 337 324 1579 377">
     <span class='ocr_line' id='line_1_8' title="bbox 337 324 1579 377; baseline -0.003 -11"><span class='ocrx_word' id='word_1_17' title='bbox 337 335 410 377; x_wconf 67' lang='grc' dir='ltr'>,με</span> <span class='ocrx_word' id='word_1_18' title='bbox 736 324 1579 362; x_wconf 65' lang='grc' dir='ltr'>υεῐνιιευειιῐ</span> 
     </span>
    </p>
   </div>
   <div class='ocr_carea' id='block_1_7' title="bbox 335 388 2025 3348">
    <p class='ocr_par' dir='ltr' id='par_1_7' title="bbox 335 388 2025 2955">
     <span class='ocr_line' id='line_1_9' title="bbox 335 388 2022 459; baseline 0.004 -17"><span class='ocrx_word' id='word_1_19' title='bbox 335 396 480 443; x_wconf 88' lang='lat' dir='ltr'>Sotus</span> <span class='ocrx_word' id='word_1_20' title='bbox 497 394 639 443; x_wconf 88' lang='lat' dir='ltr'>teneri</span> <span class='ocrx_word' id='word_1_21' title='bbox 657 391 796 439; x_wconf 86' lang='lat' dir='ltr'>talem</span> <span class='ocrx_word' id='word_1_22' title='bbox 817 392 970 438; x_wconf 84' lang='lat' dir='ltr'>civem</span> <span class='ocrx_word' id='word_1_23' title='bbox 992 390 1036 437; x_wconf 90' lang='lat' dir='ltr'>se</span> <span class='ocrx_word' id='word_1_24' title='bbox 1064 388 1265 438; x_wconf 89' lang='lat' dir='ltr'>hostibus</span> <span class='ocrx_word' id='word_1_25' title='bbox 1300 389 1487 440; x_wconf 81' lang='lat' dir='ltr'>tradere</span> <span class='ocrx_word' id='word_1_26' title='bbox 1506 409 1519 442; x_wconf 73' lang='grc' dir='ltr'><strong><em>ε</em></strong></span> <span class='ocrx_word' id='word_1_27' title='bbox 1553 392 1645 441; x_wconf 89' lang='lat' dir='ltr'>hoc</span> <span class='ocrx_word' id='word_1_28' title='bbox 1680 409 1867 459; x_wconf 88' lang='lat' dir='ltr'>quoque</span> <span class='ocrx_word' id='word_1_29' title='bbox 1883 413 2022 447; x_wconf 75' lang='lat' dir='ltr'>neoat</span> 
     </span>
     <span class='ocr_line' id='line_1_10' title="bbox 339 442 2022 521; baseline 0.002 -15"><span class='ocrx_word' id='word_1_30' title='bbox 339 458 576 520; x_wconf 84' lang='lat' dir='ltr'>Vasquius‚</span> <span class='ocrx_word' id='word_1_31' title='bbox 597 457 701 519; x_wconf 88' lang='lat' dir='ltr'>quia</span> <span class='ocrx_word' id='word_1_32' title='bbox 715 457 870 501; x_wconf 79' lang='lat' dir='ltr'>natura</span> <span class='ocrx_word' id='word_1_33' title='bbox 885 453 1111 500; x_wconf 83' lang='lat' dir='ltr'>societatis</span> <span class='ocrx_word' id='word_1_34' title='bbox 1133 453 1279 501; x_wconf 88' lang='lat' dir='ltr'>civilis</span> <span class='ocrx_word' id='word_1_35' title='bbox 1297 492 1308 512; x_wconf 91' lang='lat'>‚</span> <span class='ocrx_word' id='word_1_36' title='bbox 1329 470 1465 517; x_wconf 85' lang='lat' dir='ltr'>quam</span> <span class='ocrx_word' id='word_1_37' title='bbox 1483 456 1546 502; x_wconf 88' lang='lat' dir='ltr'>sui</span> <span class='ocrx_word' id='word_1_38' title='bbox 1575 456 1762 521; x_wconf 86' lang='lat' dir='ltr'>quisque</span> <span class='ocrx_word' id='word_1_39' title='bbox 1779 442 2022 510; x_wconf 65' lang='lat' dir='ltr'>commgdi</span> 
     </span>
     <span class='ocr_line' id='line_1_11' title="bbox 337 515 2025 586; baseline 0.002 -17"><span class='ocrx_word' id='word_1_40' title='bbox 337 521 468 568; x_wconf 82' lang='lat' dir='ltr'>causa</span> <span class='ocrx_word' id='word_1_41' title='bbox 485 522 579 568; x_wconf 79' lang='lat' dir='ltr'>iniit</span> <span class='ocrx_word' id='word_1_42' title='bbox 599 557 609 575; x_wconf 87' lang='lat'>,</span> <span class='ocrx_word' id='word_1_43' title='bbox 629 518 677 564; x_wconf 82' lang='lat' dir='ltr'>id</span> <span class='ocrx_word' id='word_1_44' title='bbox 709 533 801 563; x_wconf 91' lang='lat' dir='ltr'>non</span> <span class='ocrx_word' id='word_1_45' title='bbox 835 516 1043 580; x_wconf 81' lang='lat' dir='ltr'>postulet.</span> <span class='ocrx_word' id='word_1_46' title='bbox 1081 515 1173 563; x_wconf 87' lang='lat' dir='ltr'>Sed</span> <span class='ocrx_word' id='word_1_47' title='bbox 1193 518 1297 564; x_wconf 86' lang='lat' dir='ltr'>hinc</span> <span class='ocrx_word' id='word_1_48' title='bbox 1324 517 1432 563; x_wconf 85' lang='lat' dir='ltr'>nihil</span> <span class='ocrx_word' id='word_1_49' title='bbox 1450 518 1572 566; x_wconf 88' lang='lat' dir='ltr'>aliud</span> <span class='ocrx_word' id='word_1_50' title='bbox 1590 518 1785 584; x_wconf 90' lang='lat' dir='ltr'>sequitur</span> <span class='ocrx_word' id='word_1_51' title='bbox 1818 539 1954 586; x_wconf 86' lang='lat' dir='ltr'>quam</span> <span class='ocrx_word' id='word_1_52' title='bbox 1964 542 2025 572; x_wconf 81' lang='lat' dir='ltr'>ex</span> 
     </span>
     <span class='ocr_line' id='line_1_12' title="bbox 341 579 2023 648; baseline 0.003 -17"><span class='ocrx_word' id='word_1_53' title='bbox 341 587 442 644; x_wconf 80' lang='lat' dir='ltr'>jure</span> <span class='ocrx_word' id='word_1_54' title='bbox 460 583 644 648; x_wconf 78' lang='lat' dir='ltr'>proprie</span> <span class='ocrx_word' id='word_1_55' title='bbox 662 579 801 635; x_wconf 69' lang='lat' dir='ltr'>disto,</span> <span class='ocrx_word' id='word_1_56' title='bbox 821 582 968 627; x_wconf 82' lang='lat' dir='ltr'>civem</span> <span class='ocrx_word' id='word_1_57' title='bbox 984 579 1042 625; x_wconf 85' lang='lat' dir='ltr'>ad</span> <span class='ocrx_word' id='word_1_58' title='bbox 1059 580 1151 627; x_wconf 92' lang='lat' dir='ltr'>hoc</span> <span class='ocrx_word' id='word_1_59' title='bbox 1171 596 1263 627; x_wconf 86' lang='lat' dir='ltr'>non</span> <span class='ocrx_word' id='word_1_60' title='bbox 1276 581 1420 627; x_wconf 88' lang='lat' dir='ltr'>teneri</span> <span class='ocrx_word' id='word_1_61' title='bbox 1441 597 1452 629; x_wconf 94' lang='lat'>:</span> <span class='ocrx_word' id='word_1_62' title='bbox 1470 596 1516 628; x_wconf 90' lang='lat' dir='ltr'>at</span> <span class='ocrx_word' id='word_1_63' title='bbox 1529 597 1619 629; x_wconf 84' lang='lat' dir='ltr'>uon</span> <span class='ocrx_word' id='word_1_64' title='bbox 1632 586 1770 631; x_wconf 89' lang='lat' dir='ltr'>etiam</span> <span class='ocrx_word' id='word_1_65' title='bbox 1783 588 2023 636; x_wconf 86' lang='lat' dir='ltr'>caritatem</span> 
     </span>
     <span class='ocr_line' id='line_1_13' title="bbox 341 641 2023 711; baseline 0.003 -18"><span class='ocrx_word' id='word_1_66' title='bbox 341 649 453 711; x_wconf 81' lang='lat' dir='ltr'>pati,</span> <span class='ocrx_word' id='word_1_67' title='bbox 474 662 522 693; x_wconf 80' lang='lat' dir='ltr'>ut</span> <span class='ocrx_word' id='word_1_68' title='bbox 537 645 666 691; x_wconf 82' lang='lat' dir='ltr'>aliter</span> <span class='ocrx_word' id='word_1_69' title='bbox 680 641 830 689; x_wconf 79' lang='lat' dir='ltr'>faciat.</span> <span class='ocrx_word' id='word_1_70' title='bbox 867 642 1020 690; x_wconf 86' lang='lat' dir='ltr'>Multa</span> <span class='ocrx_word' id='word_1_71' title='bbox 1037 644 1155 690; x_wconf 88' lang='lat' dir='ltr'>enim</span> <span class='ocrx_word' id='word_1_72' title='bbox 1171 643 1282 700; x_wconf 84' lang='lat' dir='ltr'>suut,</span> <span class='ocrx_word' id='word_1_73' title='bbox 1297 659 1390 690; x_wconf 87' lang='lat' dir='ltr'>non</span> <span class='ocrx_word' id='word_1_74' title='bbox 1400 644 1575 703; x_wconf 82' lang='lat' dir='ltr'>justitiae</span> <span class='ocrx_word' id='word_1_75' title='bbox 1588 648 1771 711; x_wconf 86' lang='lat' dir='ltr'><strong>proprie</strong></span> <span class='ocrx_word' id='word_1_76' title='bbox 1782 648 1922 706; x_wconf 63' lang='lat' dir='ltr'>distae,</span> <span class='ocrx_word' id='word_1_77' title='bbox 1946 650 2023 698; x_wconf 87' lang='lat' dir='ltr'>sed</span> 
     </span>
     <span class='ocr_line' id='line_1_14' title="bbox 341 705 2024 773; baseline 0.002 -17"><span class='ocrx_word' id='word_1_78' title='bbox 341 709 595 756; x_wconf 67' lang='lat' dir='ltr'>dilectionis</span> <span class='ocrx_word' id='word_1_79' title='bbox 609 705 773 763; x_wconf 86' lang='lat' dir='ltr'>officia,</span> <span class='ocrx_word' id='word_1_80' title='bbox 792 722 887 767; x_wconf 81' lang='lat' dir='ltr'>quae</span> <span class='ocrx_word' id='word_1_81' title='bbox 906 722 997 753; x_wconf 86' lang='lat' dir='ltr'>non</span> <span class='ocrx_word' id='word_1_82' title='bbox 1014 720 1190 753; x_wconf 82' lang='lat' dir='ltr'>tantum</span> <span class='ocrx_word' id='word_1_83' title='bbox 1208 723 1312 754; x_wconf 88' lang='lat' dir='ltr'>cum</span> <span class='ocrx_word' id='word_1_84' title='bbox 1329 705 1462 753; x_wconf 88' lang='lat' dir='ltr'>laude</span> <span class='ocrx_word' id='word_1_85' title='bbox 1477 708 1749 770; x_wconf 70' lang='lat' dir='ltr'>praestantur,</span> <span class='ocrx_word' id='word_1_86' title='bbox 1769 713 1896 773; x_wconf 89' lang='lat' dir='ltr'>quod</span> <span class='ocrx_word' id='word_1_87' title='bbox 1910 713 2024 762; x_wconf 85' lang='lat' dir='ltr'>Vas-</span> 
     </span>
     <span class='ocr_line' id='line_1_15' title="bbox 339 768 2022 835; baseline 0.004 -17"><span class='ocrx_word' id='word_1_88' title='bbox 339 774 470 835; x_wconf 89' lang='lat' dir='ltr'>quius</span> <span class='ocrx_word' id='word_1_89' title='bbox 502 770 702 834; x_wconf 81' lang='lat' dir='ltr'>agnoscit</span> <span class='ocrx_word' id='word_1_90' title='bbox 721 808 731 825; x_wconf 87' lang='lat'>‚</span> <span class='ocrx_word' id='word_1_91' title='bbox 766 768 840 816; x_wconf 83' lang='lat' dir='ltr'>sed</span> <span class='ocrx_word' id='word_1_92' title='bbox 873 771 1010 817; x_wconf 84' lang='lat' dir='ltr'>etiam</span> <span class='ocrx_word' id='word_1_93' title='bbox 1039 773 1192 817; x_wconf 87' lang='lat' dir='ltr'>omitti</span> <span class='ocrx_word' id='word_1_94' title='bbox 1210 770 1298 817; x_wconf 83' lang='lat' dir='ltr'>fine</span> <span class='ocrx_word' id='word_1_95' title='bbox 1327 769 1455 833; x_wconf 84' lang='lat' dir='ltr'>culpa</span> <span class='ocrx_word' id='word_1_96' title='bbox 1476 787 1719 833; x_wconf 42' lang='lat' dir='ltr'>nequeunti</span> <span class='ocrx_word' id='word_1_97' title='bbox 1735 773 1852 822; x_wconf 87' lang='lat' dir='ltr'>Tale</span> <span class='ocrx_word' id='word_1_98' title='bbox 1867 793 2022 824; x_wconf 87' lang='lat' dir='ltr'>autem</span> 
     </span>
     <span class='ocr_line' id='line_1_16' title="bbox 343 831 2019 889; baseline 0.003 -9"><span class='ocrx_word' id='word_1_99' title='bbox 343 837 534 880; x_wconf 86' lang='lat' dir='ltr'>omnino</span> <span class='ocrx_word' id='word_1_100' title='bbox 554 835 643 880; x_wconf 88' lang='lat' dir='ltr'>hoc</span> <span class='ocrx_word' id='word_1_101' title='bbox 663 831 846 880; x_wconf 86' lang='lat' dir='ltr'>videtur</span> <span class='ocrx_word' id='word_1_102' title='bbox 861 833 970 883; x_wconf 82' lang='lat' dir='ltr'>effe,</span> <span class='ocrx_word' id='word_1_103' title='bbox 991 847 1040 879; x_wconf 91' lang='lat' dir='ltr'>ut</span> <span class='ocrx_word' id='word_1_104' title='bbox 1054 835 1263 881; x_wconf 78' lang='lat' dir='ltr'>maximae</span> <span class='ocrx_word' id='word_1_105' title='bbox 1282 833 1582 881; x_wconf 82' lang='lat' dir='ltr'>multitudinis</span> <span class='ocrx_word' id='word_1_106' title='bbox 1616 837 1865 887; x_wconf 86' lang='lat' dir='ltr'>innocentis</span> <span class='ocrx_word' id='word_1_107' title='bbox 1877 842 2019 889; x_wconf 87' lang='lat' dir='ltr'>vitam</span> 
     </span>
     <span class='ocr_line' id='line_1_17' title="bbox 343 895 1819 960; baseline 0.002 -16"><span class='ocrx_word' id='word_1_108' title='bbox 343 896 424 945; x_wconf 76' lang='lat' dir='ltr'>suae</span> <span class='ocrx_word' id='word_1_109' title='bbox 441 899 568 945; x_wconf 83' lang='lat' dir='ltr'>unius</span> <span class='ocrx_word' id='word_1_110' title='bbox 584 898 683 959; x_wconf 82' lang='lat' dir='ltr'>quis</span> <span class='ocrx_word' id='word_1_111' title='bbox 701 895 923 950; x_wconf 60' lang='lat' dir='ltr'>praeferat.</span> <span class='ocrx_word' id='word_1_112' title='bbox 959 895 1202 943; x_wconf 83' lang='lat' dir='ltr'>Praxithea</span> <span class='ocrx_word' id='word_1_113' title='bbox 1221 899 1264 943; x_wconf 88' lang='lat' dir='ltr'>in</span> <span class='ocrx_word' id='word_1_114' title='bbox 1282 896 1510 960; x_wconf 84' lang='lat' dir='ltr'>Euripidis</span> <span class='ocrx_word' id='word_1_115' title='bbox 1529 897 1819 951; x_wconf 86' lang='lat' dir='ltr'>Erechtheo:</span> 
     </span>
     <span class='ocr_line' id='line_1_18' title="bbox 598 951 1401 1015; baseline 0 -14"><span class='ocrx_word' id='word_1_116' title='bbox 598 957 723 1011; x_wconf 51' lang='lat' dir='ltr'>2.ng</span> <span class='ocrx_word' id='word_1_117' title='bbox 738 952 784 1015; x_wconf 54' lang='grc' dir='ltr'>»β</span> <span class='ocrx_word' id='word_1_118' title='bbox 798 961 961 1014; x_wconf 55' lang='grc' dir='ltr'>ἀφιθμὸν</span> <span class='ocrx_word' id='word_1_119' title='bbox 978 951 1064 1000; x_wconf 50' lang='lat' dir='ltr'>oid&amp;</span> <span class='ocrx_word' id='word_1_120' title='bbox 1076 959 1140 1012; x_wconf 56' lang='lat'>³190}</span> <span class='ocrx_word' id='word_1_121' title='bbox 1155 960 1401 1008; x_wconf 40' lang='lat' dir='ltr'>rados-ov&amp;</span> 
     </span>
     <span class='ocr_line' id='line_1_19' title="bbox 611 1017 1404 1079; baseline 0.001 -16"><span class='ocrx_word' id='word_1_122' title='bbox 611 1025 668 1064; x_wconf 75' lang='grc' dir='ltr'>Τὸ</span> <span class='ocrx_word' id='word_1_123' title='bbox 693 1023 838 1079; x_wconf 65' lang='grc' dir='ltr'>μεῖζον,</span> <span class='ocrx_word' id='word_1_124' title='bbox 851 1017 899 1068; x_wconf 63' lang='grc' dir='ltr'>εἷς</span> <span class='ocrx_word' id='word_1_125' title='bbox 914 1023 978 1077; x_wconf 69' lang='grc' dir='ltr'>μὶν</span> <span class='ocrx_word' id='word_1_126' title='bbox 995 1019 1112 1069; x_wconf 57' lang='lat' dir='ltr'>oin&amp;</span> <span class='ocrx_word' id='word_1_127' title='bbox 1129 1023 1152 1064; x_wconf 76' lang='grc' dir='ltr'><em>ἐ</em></span> <span class='ocrx_word' id='word_1_128' title='bbox 1167 1024 1280 1068; x_wconf 64' lang='grc' dir='ltr'>πλέον</span> <span class='ocrx_word' id='word_1_129' title='bbox 1294 1024 1404 1073; x_wconf 56' lang='grc' dir='ltr'>(θένό,</span> 
     </span>
     <span class='ocr_line' id='line_1_20' title="bbox 612 1085 1447 1146; baseline 0.002 -19"><span class='ocrx_word' id='word_1_130' title='bbox 612 1086 787 1132; x_wconf 65' lang='lat' dir='ltr'>nmio-aus</span> <span class='ocrx_word' id='word_1_131' title='bbox 802 1085 960 1132; x_wconf 68' lang='grc' dir='ltr'><strong><em>ἀπάτης</em></strong></span> <span class='ocrx_word' id='word_1_132' title='bbox 974 1086 1146 1138; x_wconf 65' lang='grc' dir='ltr'>πόλεΘ-ο,</span> <span class='ocrx_word' id='word_1_133' title='bbox 1166 1087 1238 1139; x_wconf 56' lang='lat' dir='ltr'>§df</span> <span class='ocrx_word' id='word_1_134' title='bbox 1252 1085 1330 1143; x_wconf 60' lang='grc' dir='ltr'>ἷζον</span> <span class='ocrx_word' id='word_1_135' title='bbox 1346 1086 1447 1146; x_wconf 58' lang='lat' dir='ltr'>pigi.</span> 
     </span>
     <span class='ocr_line' id='line_1_21' title="bbox 620 1153 1590 1213; baseline 0.003 -20"><span class='ocrx_word' id='word_1_136' title='bbox 620 1156 660 1194; x_wconf 74' lang='lat' dir='ltr'>si</span> <span class='ocrx_word' id='word_1_137' title='bbox 676 1169 839 1212; x_wconf 76' lang='lat' dir='ltr'>namque</span> <span class='ocrx_word' id='word_1_138' title='bbox 854 1168 1026 1197; x_wconf 74' lang='lat' dir='ltr'>numeros</span> <span class='ocrx_word' id='word_1_139' title='bbox 1042 1154 1206 1213; x_wconf 76' lang='lat' dir='ltr'>quidque</span> <span class='ocrx_word' id='word_1_140' title='bbox 1207 1153 1260 1211; x_wconf 84' lang='lat' dir='ltr'>fit</span> <span class='ocrx_word' id='word_1_141' title='bbox 1272 1156 1356 1213; x_wconf 82' lang='lat' dir='ltr'>plus</span> <span class='ocrx_word' id='word_1_142' title='bbox 1368 1168 1439 1196; x_wconf 75' lang='lat' dir='ltr'>aut</span> <span class='ocrx_word' id='word_1_143' title='bbox 1460 1155 1590 1199; x_wconf 83' lang='lat' dir='ltr'>minus</span> 
     </span>
     <span class='ocr_line' id='line_1_22' title="bbox 619 1215 1544 1273; baseline 0.001 -16"><span class='ocrx_word' id='word_1_144' title='bbox 619 1219 851 1273; x_wconf 78' lang='lat' dir='ltr'>Percipimus</span> <span class='ocrx_word' id='word_1_145' title='bbox 868 1219 1008 1261; x_wconf 82' lang='lat' dir='ltr'>animo,</span> <span class='ocrx_word' id='word_1_146' title='bbox 1028 1216 1057 1245; x_wconf 82' lang='lat'><strong>*</strong></span> <span class='ocrx_word' id='word_1_147' title='bbox 1073 1233 1146 1259; x_wconf 82' lang='lat' dir='ltr'>non</span> <span class='ocrx_word' id='word_1_148' title='bbox 1165 1218 1266 1260; x_wconf 70' lang='lat' dir='ltr'>malo</span> <span class='ocrx_word' id='word_1_149' title='bbox 1279 1220 1392 1260; x_wconf 81' lang='lat' dir='ltr'>unius</span> <span class='ocrx_word' id='word_1_150' title='bbox 1406 1215 1544 1258; x_wconf 74' lang='lat' dir='ltr'>domm</span> 
     </span>
     <span class='ocr_line' id='line_1_23' title="bbox 624 1278 1400 1339; baseline 0.004 -20"><span class='ocrx_word' id='word_1_151' title='bbox 624 1283 833 1322; x_wconf 82' lang='lat' dir='ltr'><em>Communi</em></span> <span class='ocrx_word' id='word_1_152' title='bbox 843 1278 1039 1333; x_wconf 82' lang='lat' dir='ltr'>vinci,sed</span> <span class='ocrx_word' id='word_1_153' title='bbox 1050 1294 1115 1320; x_wconf 83' lang='lat' dir='ltr'>nec</span> <span class='ocrx_word' id='word_1_154' title='bbox 1130 1283 1266 1338; x_wconf 65' lang='lat' dir='ltr'>aquari</span> <span class='ocrx_word' id='word_1_155' title='bbox 1273 1280 1400 1339; x_wconf 84' lang='lat' dir='ltr'>potest·</span> 
     </span>
     <span class='ocr_line' id='line_1_24' title="bbox 346 1334 2019 1401; baseline 0.002 -19"><span class='ocrx_word' id='word_1_156' title='bbox 346 1334 499 1398; x_wconf 85' lang='lat' dir='ltr'>Atque</span> <span class='ocrx_word' id='word_1_157' title='bbox 515 1337 579 1383; x_wconf 84' lang='lat' dir='ltr'>ita</span> <span class='ocrx_word' id='word_1_158' title='bbox 598 1334 805 1384; x_wconf 87' lang='lat' dir='ltr'>Phocion</span> <span class='ocrx_word' id='word_1_159' title='bbox 823 1335 1185 1385; x_wconf 85' lang='lat' dir='ltr'>Demosthenem</span> <span class='ocrx_word' id='word_1_160' title='bbox 1213 1353 1350 1401; x_wconf 87' lang='lat' dir='ltr'>atque</span> <span class='ocrx_word' id='word_1_161' title='bbox 1366 1337 1478 1385; x_wconf 84' lang='lat' dir='ltr'>alios</span> <span class='ocrx_word' id='word_1_162' title='bbox 1496 1337 1769 1384; x_wconf 79' lang='lat' dir='ltr'>hortabatur</span> <span class='ocrx_word' id='word_1_163' title='bbox 1786 1337 1845 1385; x_wconf 85' lang='lat' dir='ltr'>ad</span> <span class='ocrx_word' id='word_1_164' title='bbox 1858 1353 2019 1385; x_wconf 84' lang='lat' dir='ltr'>exem-</span> 
     </span>
     <span class='ocr_line' id='line_1_25' title="bbox 346 1399 2014 1464; baseline 0.002 -20"><span class='ocrx_word' id='word_1_165' title='bbox 346 1399 475 1461; x_wconf 87' lang='lat' dir='ltr'>plum</span> <span class='ocrx_word' id='word_1_166' title='bbox 494 1399 575 1446; x_wconf 89' lang='lat' dir='ltr'>Lei</span> <span class='ocrx_word' id='word_1_167' title='bbox 594 1399 790 1447; x_wconf 83' lang='lat' dir='ltr'>filiarum</span> <span class='ocrx_word' id='word_1_168' title='bbox 805 1403 854 1447; x_wconf 73' lang='grc' dir='ltr'>δε</span> <span class='ocrx_word' id='word_1_169' title='bbox 888 1400 913 1428; x_wconf 88' lang='grc'>*</span> <span class='ocrx_word' id='word_1_170' title='bbox 931 1400 1291 1461; x_wconf 87' lang='lat' dir='ltr'>Hyacinthidum</span> <span class='ocrx_word' id='word_1_171' title='bbox 1309 1403 1462 1462; x_wconf 88' lang='lat' dir='ltr'>potius</span> <span class='ocrx_word' id='word_1_172' title='bbox 1478 1414 1680 1447; x_wconf 85' lang='lat' dir='ltr'>mortem</span> <span class='ocrx_word' id='word_1_173' title='bbox 1707 1400 1786 1464; x_wconf 71' lang='lat' dir='ltr'>ipsi</span> <span class='ocrx_word' id='word_1_174' title='bbox 1803 1399 2014 1459; x_wconf 87' lang='lat' dir='ltr'>subirent,</span> 
     </span>
     <span class='ocr_line' id='line_1_26' title="bbox 342 1462 2020 1527; baseline 0.001 -19"><span class='ocrx_word' id='word_1_175' title='bbox 342 1478 477 1523; x_wconf 84' lang='lat' dir='ltr'>quam</span> <span class='ocrx_word' id='word_1_176' title='bbox 496 1462 666 1510; x_wconf 82' lang='lat' dir='ltr'>malum</span> <span class='ocrx_word' id='word_1_177' title='bbox 681 1463 971 1527; x_wconf 79' lang='lat' dir='ltr'>irreparabile</span> <span class='ocrx_word' id='word_1_178' title='bbox 986 1465 1136 1526; x_wconf 80' lang='lat' dir='ltr'>patriae</span> <span class='ocrx_word' id='word_1_179' title='bbox 1152 1464 1312 1512; x_wconf 88' lang='lat' dir='ltr'>inferri</span> <span class='ocrx_word' id='word_1_180' title='bbox 1327 1465 1530 1511; x_wconf 87' lang='lat' dir='ltr'>finerent.</span> <span class='ocrx_word' id='word_1_181' title='bbox 1544 1462 1716 1510; x_wconf 90' lang='lat' dir='ltr'>Cicero</span> <span class='ocrx_word' id='word_1_182' title='bbox 1732 1479 1818 1527; x_wconf 92' lang='lat' dir='ltr'>pro</span> <span class='ocrx_word' id='word_1_183' title='bbox 1837 1464 1884 1510; x_wconf 92' lang='lat' dir='ltr'>P.</span> <span class='ocrx_word' id='word_1_184' title='bbox 1902 1464 2020 1511; x_wconf 85' lang='lat' dir='ltr'>Sex-</span> 
     </span>
     <span class='ocr_line' id='line_1_27' title="bbox 346 1527 2019 1590; baseline 0 -19"><span class='ocrx_word' id='word_1_185' title='bbox 346 1527 415 1572; x_wconf 85' lang='lat' dir='ltr'>tio</span> <span class='ocrx_word' id='word_1_186' title='bbox 434 1541 445 1574; x_wconf 87' lang='grc'>;</span> <span class='ocrx_word' id='word_1_187' title='bbox 480 1533 520 1572; x_wconf 79' lang='lat' dir='ltr'>si</span> <span class='ocrx_word' id='word_1_188' title='bbox 535 1530 637 1572; x_wconf 71' lang='lat' dir='ltr'>mihi</span> <span class='ocrx_word' id='word_1_189' title='bbox 653 1533 693 1572; x_wconf 83' lang='lat' dir='ltr'>in</span> <span class='ocrx_word' id='word_1_190' title='bbox 711 1532 845 1590; x_wconf 76' lang='lat' dir='ltr'>aliqua</span> <span class='ocrx_word' id='word_1_191' title='bbox 860 1547 963 1574; x_wconf 80' lang='lat' dir='ltr'>nave</span> <span class='ocrx_word' id='word_1_192' title='bbox 978 1545 1063 1573; x_wconf 81' lang='lat' dir='ltr'>cum</span> <span class='ocrx_word' id='word_1_193' title='bbox 1079 1533 1171 1573; x_wconf 73' lang='lat' dir='ltr'>meis</span> <span class='ocrx_word' id='word_1_194' title='bbox 1184 1534 1313 1575; x_wconf 71' lang='lat' dir='ltr'>amicis</span> <span class='ocrx_word' id='word_1_195' title='bbox 1325 1534 1531 1589; x_wconf 79' lang='lat' dir='ltr'><em>naviganti</em></span> <span class='ocrx_word' id='word_1_196' title='bbox 1541 1530 1608 1574; x_wconf 81' lang='lat' dir='ltr'>hoc</span> <span class='ocrx_word' id='word_1_197' title='bbox 1618 1531 1817 1587; x_wconf 77' lang='lat' dir='ltr'>accidisset,</span> <span class='ocrx_word' id='word_1_198' title='bbox 1838 1547 1882 1573; x_wconf 77' lang='lat' dir='ltr'>ut</span> <span class='ocrx_word' id='word_1_199' title='bbox 1900 1531 2019 1574; x_wconf 77' lang='lat' dir='ltr'>multi</span> 
     </span>
     <span class='ocr_line' id='line_1_28' title="bbox 345 1590 2018 1652; baseline 0 -18"><span class='ocrx_word' id='word_1_200' title='bbox 345 1608 392 1635; x_wconf 77' lang='lat' dir='ltr'>ex</span> <span class='ocrx_word' id='word_1_201' title='bbox 406 1592 538 1635; x_wconf 72' lang='lat' dir='ltr'>multis</span> <span class='ocrx_word' id='word_1_202' title='bbox 557 1592 638 1635; x_wconf 70' lang='lat' dir='ltr'><em>Iocis</em></span> <span class='ocrx_word' id='word_1_203' title='bbox 648 1594 830 1650; x_wconf 53' lang='lat' dir='ltr'>praedones</span> <span class='ocrx_word' id='word_1_204' title='bbox 845 1590 1013 1648; x_wconf 81' lang='lat' dir='ltr'>claffibus</span> <span class='ocrx_word' id='word_1_205' title='bbox 1031 1608 1115 1635; x_wconf 85' lang='lat' dir='ltr'>eam</span> <span class='ocrx_word' id='word_1_206' title='bbox 1131 1609 1272 1637; x_wconf 79' lang='lat' dir='ltr'>navem</span> <span class='ocrx_word' id='word_1_207' title='bbox 1279 1596 1325 1651; x_wconf 87' lang='lat' dir='ltr'>se</span> <span class='ocrx_word' id='word_1_208' title='bbox 1341 1593 1560 1652; x_wconf 75' lang='lat' dir='ltr'>oppreffltros</span> <span class='ocrx_word' id='word_1_209' title='bbox 1586 1596 1828 1637; x_wconf 78' lang='lat' dir='ltr'>minarentur</span> <span class='ocrx_word' id='word_1_210' title='bbox 1843 1627 1854 1646; x_wconf 89' lang='lat'>,</span> <span class='ocrx_word' id='word_1_211' title='bbox 1874 1592 1947 1651; x_wconf 81' lang='lat' dir='ltr'>nist</span> <span class='ocrx_word' id='word_1_212' title='bbox 1957 1607 2018 1634; x_wconf 87' lang='lat' dir='ltr'>me</span> 
     </span>
     <span class='ocr_line' id='line_1_29' title="bbox 344 1653 2019 1716; baseline -0.001 -19"><span class='ocrx_word' id='word_1_213' title='bbox 344 1670 467 1699; x_wconf 84' lang='lat' dir='ltr'>unum</span> <span class='ocrx_word' id='word_1_214' title='bbox 474 1653 551 1712; x_wconf 83' lang='lat' dir='ltr'>fibi</span> <span class='ocrx_word' id='word_1_215' title='bbox 566 1654 791 1713; x_wconf 68' lang='lat' dir='ltr'>dedidssent</span> <span class='ocrx_word' id='word_1_216' title='bbox 802 1678 813 1698; x_wconf 91' lang='lat'>.·</span> <span class='ocrx_word' id='word_1_217' title='bbox 828 1655 989 1716; x_wconf 68' lang='lat' dir='ltr'>jeciffiem</span> <span class='ocrx_word' id='word_1_218' title='bbox 1006 1669 1066 1696; x_wconf 78' lang='lat' dir='ltr'>me</span> <span class='ocrx_word' id='word_1_219' title='bbox 1080 1658 1205 1712; x_wconf 82' lang='lat' dir='ltr'>potius</span> <span class='ocrx_word' id='word_1_220' title='bbox 1219 1656 1291 1714; x_wconf 58' lang='lat' dir='ltr'>ips&amp;</span> <span class='ocrx_word' id='word_1_221' title='bbox 1304 1659 1346 1700; x_wconf 87' lang='lat' dir='ltr'>in</span> <span class='ocrx_word' id='word_1_222' title='bbox 1365 1655 1604 1715; x_wconf 78' lang='lat' dir='ltr'>profundum</span> <span class='ocrx_word' id='word_1_223' title='bbox 1621 1687 1632 1703; x_wconf 93' lang='lat'><em>‚</em></span> <span class='ocrx_word' id='word_1_224' title='bbox 1651 1669 1696 1698; x_wconf 89' lang='lat' dir='ltr'>ut</span> <span class='ocrx_word' id='word_1_225' title='bbox 1715 1666 1854 1699; x_wconf 60' lang='lat' dir='ltr'>ceteros</span> <span class='ocrx_word' id='word_1_226' title='bbox 1871 1655 2019 1712; x_wconf 71' lang='lat' dir='ltr'>conser-</span> 
     </span>
     <span class='ocr_line' id='line_1_30' title="bbox 342 1716 2017 1776; baseline 0.001 -18"><span class='ocrx_word' id='word_1_227' title='bbox 342 1733 494 1770; x_wconf 81' lang='lat' dir='ltr'>varem,</span> <span class='ocrx_word' id='word_1_228' title='bbox 510 1732 629 1776; x_wconf 75' lang='lat' dir='ltr'>quam</span> <span class='ocrx_word' id='word_1_229' title='bbox 643 1719 721 1761; x_wconf 87' lang='lat' dir='ltr'>illos</span> <span class='ocrx_word' id='word_1_230' title='bbox 745 1722 818 1761; x_wconf 81' lang='lat' dir='ltr'>mei</span> <span class='ocrx_word' id='word_1_231' title='bbox 830 1732 915 1761; x_wconf 82' lang='lat' dir='ltr'>tam</span> <span class='ocrx_word' id='word_1_232' title='bbox 931 1716 1079 1775; x_wconf 83' lang='lat' dir='ltr'>cupidos</span> <span class='ocrx_word' id='word_1_233' title='bbox 1096 1734 1168 1760; x_wconf 84' lang='lat' dir='ltr'>non</span> <span class='ocrx_word' id='word_1_234' title='bbox 1184 1719 1294 1761; x_wconf 86' lang='lat' dir='ltr'>modo</span> <span class='ocrx_word' id='word_1_235' title='bbox 1325 1719 1379 1760; x_wconf 79' lang='lat' dir='ltr'>ad</span> <span class='ocrx_word' id='word_1_236' title='bbox 1402 1731 1543 1760; x_wconf 83' lang='lat' dir='ltr'>certam</span> <span class='ocrx_word' id='word_1_237' title='bbox 1579 1732 1737 1762; x_wconf 80' lang='lat' dir='ltr'>mortem</span> <span class='ocrx_word' id='word_1_238' title='bbox 1750 1749 1760 1764; x_wconf 86' lang='lat'><em>‚</em></span> <span class='ocrx_word' id='word_1_239' title='bbox 1784 1719 1910 1775; x_wconf 86' lang='lat' dir='ltr'>sedin</span> <span class='ocrx_word' id='word_1_240' title='bbox 1926 1733 2017 1760; x_wconf 76' lang='lat' dir='ltr'>ma-</span> 
     </span>
     <span class='ocr_line' id='line_1_31' title="bbox 342 1775 2018 1838; baseline 0 -15"><span class='ocrx_word' id='word_1_241' title='bbox 342 1796 464 1838; x_wconf 84' lang='lat' dir='ltr'>gnum</span> <span class='ocrx_word' id='word_1_242' title='bbox 482 1783 570 1822; x_wconf 67' lang='lat' dir='ltr'>vita</span> <span class='ocrx_word' id='word_1_243' title='bbox 584 1780 781 1836; x_wconf 70' lang='lat' dir='ltr'>drfirimen</span> <span class='ocrx_word' id='word_1_244' title='bbox 795 1780 1041 1824; x_wconf 78' lang='lat' dir='ltr'>adducerem.</span> <span class='ocrx_word' id='word_1_245' title='bbox 1077 1775 1209 1824; x_wconf 79' lang='lat' dir='ltr'>Idem</span> <span class='ocrx_word' id='word_1_246' title='bbox 1231 1776 1290 1823; x_wconf 88' lang='lat' dir='ltr'>de</span> <span class='ocrx_word' id='word_1_247' title='bbox 1303 1775 1484 1824; x_wconf 84' lang='lat' dir='ltr'>Finibus</span> <span class='ocrx_word' id='word_1_248' title='bbox 1502 1792 1588 1824; x_wconf 85' lang='grc' dir='ltr'>ΙΙΙ</span> <span class='ocrx_word' id='word_1_249' title='bbox 1609 1793 1621 1825; x_wconf 77' lang='lat'>2</span> <span class='ocrx_word' id='word_1_250' title='bbox 1657 1784 1724 1824; x_wconf 88' lang='lat' dir='ltr'>Vir</span> <span class='ocrx_word' id='word_1_251' title='bbox 1752 1780 1869 1824; x_wconf 81' lang='lat' dir='ltr'>bonus</span> <span class='ocrx_word' id='word_1_252' title='bbox 1886 1780 2018 1837; x_wconf 75' lang='lat' dir='ltr'>&amp;sa-</span> 
     </span>
     <span class='ocr_line' id='line_1_32' title="bbox 340 1837 2008 1902; baseline -0.001 -17"><span class='ocrx_word' id='word_1_253' title='bbox 340 1847 448 1901; x_wconf 86' lang='lat' dir='ltr'><em>piens</em></span> <span class='ocrx_word' id='word_1_254' title='bbox 466 1837 517 1889; x_wconf 67' lang='lat'>{5</span> <span class='ocrx_word' id='word_1_255' title='bbox 527 1841 664 1899; x_wconf 79' lang='lat' dir='ltr'>legibus</span> <span class='ocrx_word' id='word_1_256' title='bbox 672 1856 814 1901; x_wconf 81' lang='lat' dir='ltr'>parens</span> <span class='ocrx_word' id='word_1_257' title='bbox 831 1843 1013 1896; x_wconf 76' lang='lat' dir='ltr'>&amp;civilis</span> <span class='ocrx_word' id='word_1_258' title='bbox 1030 1842 1140 1897; x_wconf 85' lang='lat' dir='ltr'>officii</span> <span class='ocrx_word' id='word_1_259' title='bbox 1154 1860 1229 1887; x_wconf 85' lang='lat' dir='ltr'>non</span> <span class='ocrx_word' id='word_1_260' title='bbox 1244 1847 1412 1902; x_wconf 81' lang='lat' dir='ltr'>ignarus,</span> <span class='ocrx_word' id='word_1_261' title='bbox 1427 1844 1598 1887; x_wconf 81' lang='lat' dir='ltr'><em>utilitati</em></span> <span class='ocrx_word' id='word_1_262' title='bbox 1610 1847 1780 1887; x_wconf 80' lang='lat' dir='ltr'>omnium</span> <span class='ocrx_word' id='word_1_263' title='bbox 1788 1843 1873 1899; x_wconf 86' lang='lat' dir='ltr'>plus</span> <span class='ocrx_word' id='word_1_264' title='bbox 1886 1858 2008 1901; x_wconf 82' lang='lat' dir='ltr'>quam</span> 
     </span>
     <span class='ocr_line' id='line_1_33' title="bbox 345 1900 2017 1965; baseline 0.001 -19"><span class='ocrx_word' id='word_1_265' title='bbox 345 1908 460 1947; x_wconf 75' lang='lat' dir='ltr'>unius</span> <span class='ocrx_word' id='word_1_266' title='bbox 477 1905 640 1962; x_wconf 67' lang='lat' dir='ltr'>alicujus</span> <span class='ocrx_word' id='word_1_267' title='bbox 654 1919 725 1948; x_wconf 84' lang='lat' dir='ltr'>aut</span> <span class='ocrx_word' id='word_1_268' title='bbox 745 1907 822 1963; x_wconf 67' lang='lat' dir='ltr'>sua</span> <span class='ocrx_word' id='word_1_269' title='bbox 853 1904 1023 1961; x_wconf 81' lang='lat' dir='ltr'>consulit.</span> <span class='ocrx_word' id='word_1_270' title='bbox 1057 1902 1195 1965; x_wconf 86' lang='lat' dir='ltr'>Apud</span> <span class='ocrx_word' id='word_1_271' title='bbox 1212 1902 1396 1949; x_wconf 77' lang='lat' dir='ltr'>Livium</span> <span class='ocrx_word' id='word_1_272' title='bbox 1418 1902 1477 1949; x_wconf 80' lang='lat' dir='ltr'>de</span> <span class='ocrx_word' id='word_1_273' title='bbox 1493 1901 1712 1949; x_wconf 86' lang='lat' dir='ltr'>Moloffis</span> <span class='ocrx_word' id='word_1_274' title='bbox 1747 1900 2017 1964; x_wconf 79' lang='lat' dir='ltr'>quibusdam</span> 
     </span>
     <span class='ocr_line' id='line_1_34' title="bbox 342 1962 2014 2028; baseline 0 -19"><span class='ocrx_word' id='word_1_275' title='bbox 342 1962 515 2009; x_wconf 63' lang='lat' dir='ltr'>dictum</span> <span class='ocrx_word' id='word_1_276' title='bbox 530 1963 931 2027; x_wconf 78' lang='lat' dir='ltr'>legimus:Equidem</span> <span class='ocrx_word' id='word_1_277' title='bbox 940 1980 1010 2026; x_wconf 84' lang='lat' dir='ltr'>pro</span> <span class='ocrx_word' id='word_1_278' title='bbox 1017 1972 1150 2026; x_wconf 63' lang='lat' dir='ltr'>patria</span> <span class='ocrx_word' id='word_1_279' title='bbox 1159 1970 1381 2028; x_wconf 74' lang='lat' dir='ltr'>quilezhum</span> <span class='ocrx_word' id='word_1_280' title='bbox 1399 1968 1605 2027; x_wconf 65' lang='lat' dir='ltr'>oppettffient</span> <span class='ocrx_word' id='word_1_281' title='bbox 1612 1967 1832 2027; x_wconf 70' lang='lat' dir='ltr'>fhpefando</span> <span class='ocrx_word' id='word_1_282' title='bbox 1849 1969 1928 2010; x_wconf 82' lang='lat' dir='ltr'>aud</span> <span class='ocrx_word' id='word_1_283' title='bbox 1937 1969 2014 2010; x_wconf 81' lang='lat' dir='ltr'>ivi.-</span> 
     </span>
     <span class='ocr_line' id='line_1_35' title="bbox 348 2025 2017 2090; baseline 0.001 -19"><span class='ocrx_word' id='word_1_284' title='bbox 348 2033 416 2089; x_wconf 85' lang='lat' dir='ltr'>qui</span> <span class='ocrx_word' id='word_1_285' title='bbox 428 2033 604 2086; x_wconf 76' lang='lat' dir='ltr'>patriam</span> <span class='ocrx_word' id='word_1_286' title='bbox 627 2034 742 2088; x_wconf 62' lang='lat' dir='ltr'>prose</span> <span class='ocrx_word' id='word_1_287' title='bbox 752 2034 874 2088; x_wconf 81' lang='lat' dir='ltr'>perire</span> <span class='ocrx_word' id='word_1_288' title='bbox 892 2044 1035 2090; x_wconf 59' lang='lat' dir='ltr'>equum</span> <span class='ocrx_word' id='word_1_289' title='bbox 1065 2032 1250 2086; x_wconf 79' lang='lat' dir='ltr'>censerent</span> <span class='ocrx_word' id='word_1_290' title='bbox 1266 2066 1277 2083; x_wconf 83' lang='lat'>,</span> <span class='ocrx_word' id='word_1_291' title='bbox 1295 2033 1338 2075; x_wconf 82' lang='lat' dir='ltr'>hi</span> <span class='ocrx_word' id='word_1_292' title='bbox 1350 2035 1468 2088; x_wconf 86' lang='lat' dir='ltr'>primi</span> <span class='ocrx_word' id='word_1_293' title='bbox 1482 2035 1634 2075; x_wconf 83' lang='lat' dir='ltr'>inventi</span> <span class='ocrx_word' id='word_1_294' title='bbox 1657 2032 1767 2087; x_wconf 83' lang='lat' dir='ltr'>sunt.</span> <span class='ocrx_word' id='word_1_295' title='bbox 1800 2025 1891 2073; x_wconf 84' lang='lat' dir='ltr'>Sed</span> <span class='ocrx_word' id='word_1_296' title='bbox 1923 2028 2017 2072; x_wconf 88' lang='lat' dir='ltr'>hoc</span> 
     </span>
     <span class='ocr_line' id='line_1_36' title="bbox 343 2089 2018 2153; baseline -0.001 -17"><span class='ocrx_word' id='word_1_297' title='bbox 343 2090 496 2151; x_wconf 77' lang='lat' dir='ltr'>posito</span> <span class='ocrx_word' id='word_1_298' title='bbox 512 2089 643 2135; x_wconf 86' lang='lat' dir='ltr'>restat</span> <span class='ocrx_word' id='word_1_299' title='bbox 670 2089 915 2145; x_wconf 78' lang='lat' dir='ltr'>dubitatio,</span> <span class='ocrx_word' id='word_1_300' title='bbox 934 2107 988 2136; x_wconf 83' lang='lat' dir='ltr'>an</span> <span class='ocrx_word' id='word_1_301' title='bbox 1007 2090 1134 2152; x_wconf 87' lang='lat' dir='ltr'>quod</span> <span class='ocrx_word' id='word_1_302' title='bbox 1152 2089 1225 2135; x_wconf 88' lang='lat' dir='ltr'>ille</span> <span class='ocrx_word' id='word_1_303' title='bbox 1239 2089 1393 2136; x_wconf 86' lang='lat' dir='ltr'>facere</span> <span class='ocrx_word' id='word_1_304' title='bbox 1407 2105 1585 2138; x_wconf 87' lang='lat' dir='ltr'>tenetur</span> <span class='ocrx_word' id='word_1_305' title='bbox 1599 2091 1656 2137; x_wconf 89' lang='lat' dir='ltr'>ad</span> <span class='ocrx_word' id='word_1_306' title='bbox 1673 2091 1763 2136; x_wconf 91' lang='lat' dir='ltr'>hoc</span> <span class='ocrx_word' id='word_1_307' title='bbox 1778 2091 1883 2153; x_wconf 84' lang='lat' dir='ltr'>cogi</span> <span class='ocrx_word' id='word_1_308' title='bbox 1900 2105 2018 2151; x_wconf 85' lang='lat' dir='ltr'>quo-</span> 
     </span>
     <span class='ocr_line' id='line_1_37' title="bbox 343 2150 2017 2217; baseline -0.001 -19"><span class='ocrx_word' id='word_1_309' title='bbox 343 2168 433 2214; x_wconf 90' lang='lat' dir='ltr'>que</span> <span class='ocrx_word' id='word_1_310' title='bbox 450 2150 602 2214; x_wconf 83' lang='lat' dir='ltr'>poffit.</span> <span class='ocrx_word' id='word_1_311' title='bbox 621 2152 781 2215; x_wconf 78' lang='lat' dir='ltr'>Negat</span> <span class='ocrx_word' id='word_1_312' title='bbox 798 2152 889 2199; x_wconf 91' lang='lat' dir='ltr'>hoc</span> <span class='ocrx_word' id='word_1_313' title='bbox 909 2152 1048 2200; x_wconf 87' lang='lat' dir='ltr'>Sotus</span> <span class='ocrx_word' id='word_1_314' title='bbox 1063 2153 1277 2217; x_wconf 81' lang='lat' dir='ltr'>exemplo</span> <span class='ocrx_word' id='word_1_315' title='bbox 1295 2154 1450 2200; x_wconf 86' lang='lat' dir='ltr'>divitis</span> <span class='ocrx_word' id='word_1_316' title='bbox 1464 2154 1540 2215; x_wconf 88' lang='lat' dir='ltr'>qui</span> <span class='ocrx_word' id='word_1_317' title='bbox 1565 2169 1711 2217; x_wconf 81' lang='lat' dir='ltr'>egeno</span> <span class='ocrx_word' id='word_1_318' title='bbox 1737 2153 1892 2215; x_wconf 89' lang='lat' dir='ltr'>stipem</span> <span class='ocrx_word' id='word_1_319' title='bbox 1905 2153 2017 2198; x_wconf 84' lang='lat' dir='ltr'>dare</span> 
     </span>
     <span class='ocr_line' id='line_1_38' title="bbox 344 2212 2017 2280; baseline 0 -20"><span class='ocrx_word' id='word_1_320' title='bbox 344 2231 403 2260; x_wconf 83' lang='lat' dir='ltr'>ex</span> <span class='ocrx_word' id='word_1_321' title='bbox 421 2212 738 2263; x_wconf 69' lang='lat' dir='ltr'>misericordiae</span> <span class='ocrx_word' id='word_1_322' title='bbox 786 2215 1012 2278; x_wconf 84' lang='lat' dir='ltr'>raescripto</span> <span class='ocrx_word' id='word_1_323' title='bbox 1028 2229 1206 2262; x_wconf 86' lang='lat' dir='ltr'>tenetur</span> <span class='ocrx_word' id='word_1_324' title='bbox 1227 2254 1238 2273; x_wconf 83' lang='lat'>‚</span> <span class='ocrx_word' id='word_1_325' title='bbox 1258 2217 1363 2280; x_wconf 83' lang='lat' dir='ltr'>cogi</span> <span class='ocrx_word' id='word_1_326' title='bbox 1383 2231 1532 2263; x_wconf 82' lang='lat' dir='ltr'>tamen</span> <span class='ocrx_word' id='word_1_327' title='bbox 1548 2219 1715 2279; x_wconf 85' lang='lat' dir='ltr'>nequit.</span> <span class='ocrx_word' id='word_1_328' title='bbox 1742 2215 1838 2263; x_wconf 87' lang='lat' dir='ltr'>Sed</span> <span class='ocrx_word' id='word_1_329' title='bbox 1852 2229 2017 2261; x_wconf 88' lang='lat' dir='ltr'>notan-</span> 
     </span>
     <span class='ocr_line' id='line_1_39' title="bbox 342 2276 2015 2342; baseline 0 -19"><span class='ocrx_word' id='word_1_330' title='bbox 342 2276 453 2323; x_wconf 88' lang='lat' dir='ltr'>dum</span> <span class='ocrx_word' id='word_1_331' title='bbox 471 2276 533 2323; x_wconf 89' lang='lat' dir='ltr'>est</span> <span class='ocrx_word' id='word_1_332' title='bbox 549 2277 680 2326; x_wconf 85' lang='lat' dir='ltr'>aliam</span> <span class='ocrx_word' id='word_1_333' title='bbox 697 2294 722 2323; x_wconf 88' lang='lat' dir='ltr'>e</span> <span class='ocrx_word' id='word_1_334' title='bbox 757 2295 783 2325; x_wconf 89' lang='lat' dir='ltr'>e</span> <span class='ocrx_word' id='word_1_335' title='bbox 801 2278 1028 2324; x_wconf 87' lang='lat' dir='ltr'>rationem</span> <span class='ocrx_word' id='word_1_336' title='bbox 1045 2278 1240 2341; x_wconf 82' lang='lat' dir='ltr'>partium</span> <span class='ocrx_word' id='word_1_337' title='bbox 1259 2280 1376 2325; x_wconf 88' lang='lat' dir='ltr'>inter</span> <span class='ocrx_word' id='word_1_338' title='bbox 1394 2278 1437 2325; x_wconf 89' lang='lat' dir='ltr'>se</span> <span class='ocrx_word' id='word_1_339' title='bbox 1456 2316 1467 2335; x_wconf 84' lang='lat'>‚</span> <span class='ocrx_word' id='word_1_340' title='bbox 1482 2279 1620 2326; x_wconf 86' lang='lat' dir='ltr'>aliam</span> <span class='ocrx_word' id='word_1_341' title='bbox 1638 2279 1919 2342; x_wconf 84' lang='lat' dir='ltr'>superiorum</span> <span class='ocrx_word' id='word_1_342' title='bbox 1937 2277 2015 2323; x_wconf 88' lang='lat' dir='ltr'>ubi</span> 
     </span>
     <span class='ocr_line' id='line_1_40' title="bbox 342 2339 2016 2407; baseline 0 -21"><span class='ocrx_word' id='word_1_343' title='bbox 342 2356 447 2386; x_wconf 85' lang='lat' dir='ltr'>cum</span> <span class='ocrx_word' id='word_1_344' title='bbox 465 2339 542 2386; x_wconf 82' lang='lat' dir='ltr'>fibi</span> <span class='ocrx_word' id='word_1_345' title='bbox 572 2339 759 2388; x_wconf 83' lang='lat' dir='ltr'>subditis</span> <span class='ocrx_word' id='word_1_346' title='bbox 786 2356 1126 2402; x_wconf 79' lang='lat' dir='ltr'>comparantur.</span> <span class='ocrx_word' id='word_1_347' title='bbox 1156 2339 1284 2387; x_wconf 85' lang='lat' dir='ltr'>Nam</span> <span class='ocrx_word' id='word_1_348' title='bbox 1312 2357 1392 2402; x_wconf 82' lang='lat' dir='ltr'>par</span> <span class='ocrx_word' id='word_1_349' title='bbox 1406 2356 1558 2405; x_wconf 90' lang='lat' dir='ltr'>parem</span> <span class='ocrx_word' id='word_1_350' title='bbox 1576 2358 1849 2407; x_wconf 76' lang='lat' dir='ltr'>cogerenon</span> <span class='ocrx_word' id='word_1_351' title='bbox 1867 2339 2016 2404; x_wconf 89' lang='lat' dir='ltr'>potest</span> 
     </span>
     <span class='ocr_line' id='line_1_41' title="bbox 343 2402 2016 2470; baseline 0 -21"><span class='ocrx_word' id='word_1_352' title='bbox 343 2403 421 2449; x_wconf 77' lang='lat' dir='ltr'>nisr</span> <span class='ocrx_word' id='word_1_353' title='bbox 439 2402 497 2449; x_wconf 82' lang='lat' dir='ltr'>ad</span> <span class='ocrx_word' id='word_1_354' title='bbox 516 2402 564 2448; x_wconf 80' lang='lat' dir='ltr'>id</span> <span class='ocrx_word' id='word_1_355' title='bbox 583 2404 710 2467; x_wconf 88' lang='lat' dir='ltr'>quod</span> <span class='ocrx_word' id='word_1_356' title='bbox 729 2419 788 2450; x_wconf 76' lang='lat' dir='ltr'>ex</span> <span class='ocrx_word' id='word_1_357' title='bbox 805 2406 905 2464; x_wconf 87' lang='lat' dir='ltr'>jure</span> <span class='ocrx_word' id='word_1_358' title='bbox 918 2402 1110 2451; x_wconf 85' lang='lat' dir='ltr'>debetur</span> <span class='ocrx_word' id='word_1_359' title='bbox 1122 2403 1267 2450; x_wconf 56' lang='lat' dir='ltr'>strifile</span> <span class='ocrx_word' id='word_1_360' title='bbox 1284 2404 1418 2451; x_wconf 61' lang='lat' dir='ltr'>dicto.</span> <span class='ocrx_word' id='word_1_361' title='bbox 1456 2404 1517 2451; x_wconf 88' lang='lat' dir='ltr'>At</span> <span class='ocrx_word' id='word_1_362' title='bbox 1528 2402 1733 2467; x_wconf 85' lang='lat' dir='ltr'>superior</span> <span class='ocrx_word' id='word_1_363' title='bbox 1748 2419 1918 2470; x_wconf 86' lang='lat' dir='ltr'>cogere</span> <span class='ocrx_word' id='word_1_364' title='bbox 1926 2419 2016 2466; x_wconf 90' lang='lat' dir='ltr'>po-</span> 
     </span>
     <span class='ocr_line' id='line_1_42' title="bbox 342 2464 2016 2531; baseline 0.001 -20"><span class='ocrx_word' id='word_1_365' title='bbox 342 2465 425 2512; x_wconf 88' lang='lat' dir='ltr'>test</span> <span class='ocrx_word' id='word_1_366' title='bbox 441 2467 580 2512; x_wconf 86' lang='lat' dir='ltr'>etiam</span> <span class='ocrx_word' id='word_1_367' title='bbox 598 2467 657 2514; x_wconf 84' lang='lat' dir='ltr'>ad</span> <span class='ocrx_word' id='word_1_368' title='bbox 668 2468 754 2514; x_wconf 87' lang='lat' dir='ltr'>alia</span> <span class='ocrx_word' id='word_1_369' title='bbox 771 2484 867 2529; x_wconf 81' lang='lat' dir='ltr'>quae</span> <span class='ocrx_word' id='word_1_370' title='bbox 884 2468 1026 2513; x_wconf 86' lang='lat' dir='ltr'>virtus</span> <span class='ocrx_word' id='word_1_371' title='bbox 1043 2464 1249 2530; x_wconf 79' lang='lat' dir='ltr'>quaelibet</span> <span class='ocrx_word' id='word_1_372' title='bbox 1264 2469 1463 2531; x_wconf 75' lang='lat' dir='ltr'>praecipit</span> <span class='ocrx_word' id='word_1_373' title='bbox 1478 2506 1489 2524; x_wconf 89' lang='lat'>,</span> <span class='ocrx_word' id='word_1_374' title='bbox 1510 2470 1616 2531; x_wconf 83' lang='lat' dir='ltr'>quia</span> <span class='ocrx_word' id='word_1_375' title='bbox 1646 2470 1689 2515; x_wconf 87' lang='lat' dir='ltr'>in</span> <span class='ocrx_word' id='word_1_376' title='bbox 1713 2471 1807 2524; x_wconf 78' lang='lat' dir='ltr'>iure</span> <span class='ocrx_word' id='word_1_377' title='bbox 1825 2467 2016 2531; x_wconf 86' lang='lat' dir='ltr'>proprio</span> 
     </span>
     <span class='ocr_line' id='line_1_43' title="bbox 343 2527 2016 2593; baseline 0.002 -19"><span class='ocrx_word' id='word_1_378' title='bbox 343 2527 608 2592; x_wconf 88' lang='lat' dir='ltr'>superioris,</span> <span class='ocrx_word' id='word_1_379' title='bbox 637 2547 727 2593; x_wconf 82' lang='lat' dir='ltr'>qua</span> <span class='ocrx_word' id='word_1_380' title='bbox 755 2530 956 2592; x_wconf 81' lang='lat' dir='ltr'>superior</span> <span class='ocrx_word' id='word_1_381' title='bbox 970 2530 1032 2576; x_wconf 87' lang='lat' dir='ltr'>est</span> <span class='ocrx_word' id='word_1_382' title='bbox 1048 2568 1059 2586; x_wconf 91' lang='lat'>‚</span> <span class='ocrx_word' id='word_1_383' title='bbox 1077 2532 1167 2577; x_wconf 93' lang='lat' dir='ltr'>hoc</span> <span class='ocrx_word' id='word_1_384' title='bbox 1190 2530 1252 2576; x_wconf 90' lang='lat' dir='ltr'>est</span> <span class='ocrx_word' id='word_1_385' title='bbox 1269 2530 1658 2591; x_wconf 84' lang='lat' dir='ltr'>comprehensum.</span> <span class='ocrx_word' id='word_1_386' title='bbox 1680 2530 1755 2577; x_wconf 89' lang='lat' dir='ltr'>Sic</span> <span class='ocrx_word' id='word_1_387' title='bbox 1787 2533 1831 2577; x_wconf 90' lang='lat' dir='ltr'>in</span> <span class='ocrx_word' id='word_1_388' title='bbox 1851 2545 2016 2592; x_wconf 81' lang='lat' dir='ltr'>magna</span> 
     </span>
     <span class='ocr_line' id='line_1_44' title="bbox 345 2589 2016 2657; baseline 0.002 -20"><span class='ocrx_word' id='word_1_389' title='bbox 345 2589 563 2639; x_wconf 84' lang='lat' dir='ltr'>frumenti</span> <span class='ocrx_word' id='word_1_390' title='bbox 581 2593 768 2655; x_wconf 88' lang='lat' dir='ltr'>penuria</span> <span class='ocrx_word' id='word_1_391' title='bbox 785 2595 908 2640; x_wconf 88' lang='lat' dir='ltr'>cives</span> <span class='ocrx_word' id='word_1_392' title='bbox 922 2595 1028 2657; x_wconf 81' lang='lat' dir='ltr'>cogi</span> <span class='ocrx_word' id='word_1_393' title='bbox 1045 2594 1222 2655; x_wconf 78' lang='lat' dir='ltr'>possunt</span> <span class='ocrx_word' id='word_1_394' title='bbox 1235 2593 1358 2656; x_wconf 87' lang='lat' dir='ltr'>quod</span> <span class='ocrx_word' id='word_1_395' title='bbox 1378 2593 1541 2641; x_wconf 86' lang='lat' dir='ltr'>habent</span> <span class='ocrx_word' id='word_1_396' title='bbox 1559 2595 1604 2639; x_wconf 91' lang='lat' dir='ltr'>in</span> <span class='ocrx_word' id='word_1_397' title='bbox 1617 2594 1819 2640; x_wconf 88' lang='lat' dir='ltr'>medium</span> <span class='ocrx_word' id='word_1_398' title='bbox 1830 2593 2016 2641; x_wconf 83' lang='lat' dir='ltr'>confer-</span> 
     </span>
     <span class='ocr_line' id='line_1_45' title="bbox 344 2655 2016 2722; baseline 0.001 -21"><span class='ocrx_word' id='word_1_399' title='bbox 344 2670 417 2703; x_wconf 86' lang='lat' dir='ltr'>re:</span> <span class='ocrx_word' id='word_1_400' title='bbox 440 2672 578 2718; x_wconf 85' lang='lat' dir='ltr'>quare</span> <span class='ocrx_word' id='word_1_401' title='bbox 590 2658 697 2703; x_wconf 85' lang='lat' dir='ltr'>&amp;in</span> <span class='ocrx_word' id='word_1_402' title='bbox 716 2656 864 2703; x_wconf 88' lang='lat' dir='ltr'>nostra</span> <span class='ocrx_word' id='word_1_403' title='bbox 891 2655 965 2702; x_wconf 81' lang='lat' dir='ltr'>illa</span> <span class='ocrx_word' id='word_1_404' title='bbox 981 2657 1294 2703; x_wconf 78' lang='lat' dir='ltr'>controversia</span> <span class='ocrx_word' id='word_1_405' title='bbox 1311 2659 1456 2704; x_wconf 89' lang='lat' dir='ltr'>verius</span> <span class='ocrx_word' id='word_1_406' title='bbox 1475 2657 1657 2704; x_wconf 87' lang='lat' dir='ltr'>videtur</span> <span class='ocrx_word' id='word_1_407' title='bbox 1689 2658 1794 2722; x_wconf 83' lang='lat' dir='ltr'>cogi</span> <span class='ocrx_word' id='word_1_408' title='bbox 1814 2656 1938 2720; x_wconf 79' lang='lat' dir='ltr'>posse</span> <span class='ocrx_word' id='word_1_409' title='bbox 1953 2657 2016 2702; x_wconf 87' lang='lat' dir='ltr'>ci-</span> 
     </span>
     <span class='ocr_line' id='line_1_46' title="bbox 344 2717 2013 2783; baseline 0 -18"><span class='ocrx_word' id='word_1_410' title='bbox 344 2733 465 2774; x_wconf 88' lang='lat' dir='ltr'>vem,</span> <span class='ocrx_word' id='word_1_411' title='bbox 483 2734 530 2765; x_wconf 87' lang='lat' dir='ltr'>ut</span> <span class='ocrx_word' id='word_1_412' title='bbox 546 2718 593 2764; x_wconf 88' lang='lat' dir='ltr'>id</span> <span class='ocrx_word' id='word_1_413' title='bbox 611 2717 747 2766; x_wconf 82' lang='lat' dir='ltr'>faciat</span> <span class='ocrx_word' id='word_1_414' title='bbox 761 2718 886 2782; x_wconf 90' lang='lat' dir='ltr'>quod</span> <span class='ocrx_word' id='word_1_415' title='bbox 901 2720 1047 2783; x_wconf 79' lang='lat' dir='ltr'>exigit</span> <span class='ocrx_word' id='word_1_416' title='bbox 1070 2720 1252 2767; x_wconf 85' lang='lat' dir='ltr'>caritas.</span> <span class='ocrx_word' id='word_1_417' title='bbox 1281 2719 1431 2783; x_wconf 88' lang='lat' dir='ltr'>Atque</span> <span class='ocrx_word' id='word_1_418' title='bbox 1462 2721 1524 2766; x_wconf 86' lang='lat' dir='ltr'>ita</span> <span class='ocrx_word' id='word_1_419' title='bbox 1541 2720 1579 2765; x_wconf 88' lang='lat' dir='ltr'>is</span> <span class='ocrx_word' id='word_1_420' title='bbox 1603 2735 1741 2782; x_wconf 87' lang='lat' dir='ltr'>quem</span> <span class='ocrx_word' id='word_1_421' title='bbox 1763 2719 1859 2766; x_wconf 83' lang='lat' dir='ltr'>dixi</span> <span class='ocrx_word' id='word_1_422' title='bbox 1892 2718 2013 2765; x_wconf 89' lang='lat' dir='ltr'>Pho-</span> 
     </span>
     <span class='ocr_line' id='line_1_47' title="bbox 339 2780 2009 2843; baseline 0.001 -16"><span class='ocrx_word' id='word_1_423' title='bbox 339 2782 443 2828; x_wconf 87' lang='lat' dir='ltr'>cion</span> <span class='ocrx_word' id='word_1_424' title='bbox 459 2781 774 2828; x_wconf 81' lang='lat' dir='ltr'>amiciffimum</span> <span class='ocrx_word' id='word_1_425' title='bbox 796 2780 1022 2843; x_wconf 84' lang='lat' dir='ltr'>quendam</span> <span class='ocrx_word' id='word_1_426' title='bbox 1040 2782 1119 2829; x_wconf 80' lang='lat' dir='ltr'>fibi</span> <span class='ocrx_word' id='word_1_427' title='bbox 1137 2781 1380 2829; x_wconf 86' lang='lat' dir='ltr'>Nicoclem</span> <span class='ocrx_word' id='word_1_428' title='bbox 1399 2784 1584 2829; x_wconf 86' lang='lat' dir='ltr'>nomine</span> <span class='ocrx_word' id='word_1_429' title='bbox 1596 2782 1903 2829; x_wconf 86' lang='lat' dir='ltr'>demonstrans</span> <span class='ocrx_word' id='word_1_430' title='bbox 1917 2785 2009 2842; x_wconf 86' lang='lat' dir='ltr'>aje-</span> 
     </span>
     <span class='ocr_line' id='line_1_48' title="bbox 341 2843 2012 2908; baseline 0 -17"><span class='ocrx_word' id='word_1_431' title='bbox 341 2844 421 2892; x_wconf 81' lang='lat' dir='ltr'>bat</span> <span class='ocrx_word' id='word_1_432' title='bbox 441 2845 526 2891; x_wconf 81' lang='lat' dir='ltr'>huc</span> <span class='ocrx_word' id='word_1_433' title='bbox 537 2847 768 2892; x_wconf 88' lang='lat' dir='ltr'>malorum</span> <span class='ocrx_word' id='word_1_434' title='bbox 784 2859 987 2902; x_wconf 87' lang='lat' dir='ltr'>ventum,</span> <span class='ocrx_word' id='word_1_435' title='bbox 1006 2860 1054 2891; x_wconf 87' lang='lat' dir='ltr'>ut</span> <span class='ocrx_word' id='word_1_436' title='bbox 1072 2844 1102 2891; x_wconf 76' lang='lat' dir='ltr'>si</span> <span class='ocrx_word' id='word_1_437' title='bbox 1121 2845 1377 2892; x_wconf 79' lang='lat' dir='ltr'>Alexander</span> <span class='ocrx_word' id='word_1_438' title='bbox 1391 2860 1496 2893; x_wconf 89' lang='lat' dir='ltr'>eum</span> <span class='ocrx_word' id='word_1_439' title='bbox 1515 2843 1796 2908; x_wconf 88' lang='lat' dir='ltr'>deposceret,</span> <span class='ocrx_word' id='word_1_440' title='bbox 1822 2844 1912 2908; x_wconf 90' lang='lat' dir='ltr'>ipse</span> <span class='ocrx_word' id='word_1_441' title='bbox 1928 2845 2012 2892; x_wconf 88' lang='lat' dir='ltr'>de·</span> 
     </span>
     <span class='ocr_line' id='line_1_49' title="bbox 339 2906 770 2955; baseline 0 -2"><span class='ocrx_word' id='word_1_442' title='bbox 339 2906 539 2955; x_wconf 85' lang='lat' dir='ltr'>dendum</span> <span class='ocrx_word' id='word_1_443' title='bbox 556 2907 770 2954; x_wconf 82' lang='lat' dir='ltr'>censeret.</span> 
     </span>
    </p>

    <p class='ocr_par' dir='ltr' id='par_1_8' title="bbox 335 2969 2014 3348">
     <span class='ocr_line' id='line_1_50' title="bbox 407 2969 2013 3033; baseline 0 -16"><span class='ocrx_word' id='word_1_444' title='bbox 407 2970 497 3017; x_wconf 88' lang='lat' dir='ltr'>IV.</span> <span class='ocrx_word' id='word_1_445' title='bbox 526 2970 732 3018; x_wconf 77' lang='lat' dir='ltr'>Subditis</span> <span class='ocrx_word' id='word_1_446' title='bbox 746 2971 962 3033; x_wconf 80' lang='lat' dir='ltr'>proximi,</span> <span class='ocrx_word' id='word_1_447' title='bbox 983 2974 1079 3017; x_wconf 89' lang='lat' dir='ltr'>imo</span> <span class='ocrx_word' id='word_1_448' title='bbox 1095 2986 1226 3032; x_wconf 87' lang='lat' dir='ltr'>pares</span> <span class='ocrx_word' id='word_1_449' title='bbox 1247 2969 1402 3018; x_wconf 87' lang='lat' dir='ltr'>suntin</span> <span class='ocrx_word' id='word_1_450' title='bbox 1420 2971 1508 3017; x_wconf 86' lang='lat' dir='ltr'>hoc</span> <span class='ocrx_word' id='word_1_451' title='bbox 1522 3010 1533 3027; x_wconf 85' lang='lat'>,</span> <span class='ocrx_word' id='word_1_452' title='bbox 1553 2985 1601 3017; x_wconf 89' lang='lat' dir='ltr'>ut</span> <span class='ocrx_word' id='word_1_453' title='bbox 1618 2970 1801 3018; x_wconf 88' lang='lat' dir='ltr'>defendi</span> <span class='ocrx_word' id='word_1_454' title='bbox 1815 2970 2013 3017; x_wconf 85' lang='lat' dir='ltr'>debeant</span> 
     </span>
     <span class='ocr_line' id='line_1_51' title="bbox 340 3033 2013 3096; baseline 0 -17"><span class='ocrx_word' id='word_1_455' title='bbox 340 3033 460 3086; x_wconf 81' lang='lat' dir='ltr'>socii,</span> <span class='ocrx_word' id='word_1_456' title='bbox 480 3035 524 3079; x_wconf 90' lang='lat' dir='ltr'>in</span> <span class='ocrx_word' id='word_1_457' title='bbox 542 3051 740 3096; x_wconf 89' lang='lat' dir='ltr'>quorum</span> <span class='ocrx_word' id='word_1_458' title='bbox 758 3034 916 3080; x_wconf 87' lang='lat' dir='ltr'>federe</span> <span class='ocrx_word' id='word_1_459' title='bbox 932 3035 1309 3096; x_wconf 62' lang='lat' dir='ltr'>comprehensum</span> <span class='ocrx_word' id='word_1_460' title='bbox 1332 3072 1342 3090; x_wconf 84' lang='lat'>‚</span> <span class='ocrx_word' id='word_1_461' title='bbox 1361 3033 1406 3079; x_wconf 90' lang='lat' dir='ltr'>id</span> <span class='ocrx_word' id='word_1_462' title='bbox 1425 3034 1486 3080; x_wconf 86' lang='lat' dir='ltr'>est</span> <span class='ocrx_word' id='word_1_463' title='bbox 1506 3073 1516 3091; x_wconf 81' lang='lat'>‚</span> <span class='ocrx_word' id='word_1_464' title='bbox 1536 3034 1626 3080; x_wconf 82' lang='lat' dir='ltr'>five</span> <span class='ocrx_word' id='word_1_465' title='bbox 1656 3035 1701 3080; x_wconf 86' lang='lat' dir='ltr'>in</span> <span class='ocrx_word' id='word_1_466' title='bbox 1717 3036 1907 3080; x_wconf 84' lang='lat' dir='ltr'>tutelam</span> <span class='ocrx_word' id='word_1_467' title='bbox 1925 3034 2013 3080; x_wconf 86' lang='lat' dir='ltr'>sese</span> 
     </span>
     <span class='ocr_line' id='line_1_52' title="bbox 340 3095 2013 3158; baseline -0.001 -16"><span class='ocrx_word' id='word_1_468' title='bbox 340 3098 389 3142; x_wconf 74' lang='grc' dir='ltr'>δε</span> <span class='ocrx_word' id='word_1_469' title='bbox 401 3097 536 3143; x_wconf 83' lang='lat' dir='ltr'>fidem</span> <span class='ocrx_word' id='word_1_470' title='bbox 550 3098 740 3144; x_wconf 80' lang='lat' dir='ltr'>aliorum</span> <span class='ocrx_word' id='word_1_471' title='bbox 761 3097 999 3148; x_wconf 81' lang='lat' dir='ltr'>dederunt,</span> <span class='ocrx_word' id='word_1_472' title='bbox 1025 3097 1115 3144; x_wconf 83' lang='lat' dir='ltr'>five</span> <span class='ocrx_word' id='word_1_473' title='bbox 1133 3113 1289 3144; x_wconf 86' lang='lat' dir='ltr'>mutua</span> <span class='ocrx_word' id='word_1_474' title='bbox 1301 3097 1462 3143; x_wconf 84' lang='lat' dir='ltr'>auxilia</span> <span class='ocrx_word' id='word_1_475' title='bbox 1479 3095 1594 3158; x_wconf 62' lang='lat' dir='ltr'>pasti</span> <span class='ocrx_word' id='word_1_476' title='bbox 1613 3097 1728 3144; x_wconf 85' lang='lat' dir='ltr'>sunt.</span> <span class='ocrx_word' id='word_1_477' title='bbox 1765 3104 1849 3158; x_wconf 61' lang='lat' dir='ltr'>Qci</span> <span class='ocrx_word' id='word_1_478' title='bbox 1861 3117 1934 3142; x_wconf 86' lang='lat' dir='ltr'>non</span> <span class='ocrx_word' id='word_1_479' title='bbox 1953 3116 2013 3141; x_wconf 82' lang='lat' dir='ltr'>re-</span> 
     </span>
     <span class='ocr_line' id='line_1_53' title="bbox 335 3159 2014 3224; baseline -0.001 -20"><span class='ocrx_word' id='word_1_480' title='bbox 335 3165 441 3220; x_wconf 74' lang='lat' dir='ltr'>pellit</span> <span class='ocrx_word' id='word_1_481' title='bbox 455 3167 642 3209; x_wconf 58' lang='lat' dir='ltr'>iniuriam</span> <span class='ocrx_word' id='word_1_482' title='bbox 661 3163 793 3219; x_wconf 56' lang='lat' dir='ltr'>&amp;socio</span> <span class='ocrx_word' id='word_1_483' title='bbox 804 3162 1063 3221; x_wconf 80' lang='lat' dir='ltr'>fipotest,tam</span> <span class='ocrx_word' id='word_1_484' title='bbox 1081 3165 1131 3215; x_wconf 70' lang='lat' dir='ltr'>est</span> <span class='ocrx_word' id='word_1_485' title='bbox 1143 3167 1184 3206; x_wconf 88' lang='lat' dir='ltr'>in</span> <span class='ocrx_word' id='word_1_486' title='bbox 1198 3167 1297 3206; x_wconf 77' lang='lat' dir='ltr'>vitio</span> <span class='ocrx_word' id='word_1_487' title='bbox 1312 3179 1430 3223; x_wconf 79' lang='lat' dir='ltr'>quam</span> <span class='ocrx_word' id='word_1_488' title='bbox 1442 3165 1588 3221; x_wconf 83' lang='lat' dir='ltr'>ille-qui</span> <span class='ocrx_word' id='word_1_489' title='bbox 1594 3166 1710 3224; x_wconf 81' lang='lat' dir='ltr'>facit,</span> <span class='ocrx_word' id='word_1_490' title='bbox 1728 3161 1790 3206; x_wconf 79' lang='lat' dir='ltr'>ait</span> <span class='ocrx_word' id='word_1_491' title='bbox 1808 3159 2014 3205; x_wconf 80' lang='lat' dir='ltr'>Ambro-</span> 
     </span>
     <span class='ocr_line' id='line_1_54' title="bbox 341 3219 2011 3283; baseline -0.002 -15"><span class='ocrx_word' id='word_1_492' title='bbox 341 3222 436 3269; x_wconf 80' lang='lat' dir='ltr'>sius.</span> <span class='ocrx_word' id='word_1_493' title='bbox 473 3222 705 3270; x_wconf 70' lang='lat' dir='ltr'>PaCtiones</span> <span class='ocrx_word' id='word_1_494' title='bbox 722 3238 874 3269; x_wconf 87' lang='lat' dir='ltr'>autem</span> <span class='ocrx_word' id='word_1_495' title='bbox 894 3224 1005 3270; x_wconf 81' lang='lat' dir='ltr'>tales</span> <span class='ocrx_word' id='word_1_496' title='bbox 1021 3227 1044 3253; x_wconf 89' lang='lat'>*</span> <span class='ocrx_word' id='word_1_497' title='bbox 1063 3222 1120 3268; x_wconf 84' lang='lat' dir='ltr'>ad</span> <span class='ocrx_word' id='word_1_498' title='bbox 1149 3222 1268 3268; x_wconf 83' lang='lat' dir='ltr'>bella</span> <span class='ocrx_word' id='word_1_499' title='bbox 1284 3223 1446 3283; x_wconf 84' lang='lat' dir='ltr'>quibus</span> <span class='ocrx_word' id='word_1_500' title='bbox 1477 3225 1491 3283; x_wconf 85' lang='lat' dir='ltr'>j</span> <span class='ocrx_word' id='word_1_501' title='bbox 1499 3222 1588 3269; x_wconf 81' lang='lat' dir='ltr'>usta</span> <span class='ocrx_word' id='word_1_502' title='bbox 1612 3223 1738 3268; x_wconf 82' lang='lat' dir='ltr'>causa</span> <span class='ocrx_word' id='word_1_503' title='bbox 1760 3238 1850 3268; x_wconf 87' lang='lat' dir='ltr'>non</span> <span class='ocrx_word' id='word_1_504' title='bbox 1878 3219 2011 3267; x_wconf 75' lang='lat' dir='ltr'>subsit:</span> 
     </span>
     <span class='ocr_line' id='line_1_55' title="bbox 340 3283 2009 3348; baseline -0.002 -18"><span class='ocrx_word' id='word_1_505' title='bbox 340 3287 511 3348; x_wconf 74' lang='lat' dir='ltr'>porrigi</span> <span class='ocrx_word' id='word_1_506' title='bbox 531 3286 652 3331; x_wconf 82' lang='lat' dir='ltr'>haud</span> <span class='ocrx_word' id='word_1_507' title='bbox 676 3285 797 3344; x_wconf 84' lang='lat' dir='ltr'>poffe</span> <span class='ocrx_word' id='word_1_508' title='bbox 810 3285 1008 3331; x_wconf 76' lang='lat' dir='ltr'>diximus</span> <span class='ocrx_word' id='word_1_509' title='bbox 1024 3284 1147 3332; x_wconf 81' lang='lat' dir='ltr'>alibi.</span> <span class='ocrx_word' id='word_1_510' title='bbox 1164 3286 1224 3332; x_wconf 85' lang='lat' dir='ltr'>Et</span> <span class='ocrx_word' id='word_1_511' title='bbox 1243 3287 1331 3331; x_wconf 81' lang='lat' dir='ltr'>haec</span> <span class='ocrx_word' id='word_1_512' title='bbox 1345 3285 1405 3331; x_wconf 86' lang='lat' dir='ltr'>est</span> <span class='ocrx_word' id='word_1_513' title='bbox 1421 3284 1548 3332; x_wconf 86' lang='lat' dir='ltr'>causa</span> <span class='ocrx_word' id='word_1_514' title='bbox 1562 3301 1642 3332; x_wconf 90' lang='lat' dir='ltr'>cur</span> <span class='ocrx_word' id='word_1_515' title='bbox 1654 3283 2009 3337; x_wconf 66' lang='lat' dir='ltr'>Lacedaemonii,</span> 
     </span>
    </p>
   </div>
   <div class='ocr_carea' id='block_1_8' title="bbox 340 3346 2012 3468">
    <p class='ocr_par' dir='ltr' id='par_1_9' title="bbox 340 3346 2012 3468">
     <span class='ocr_line' id='line_1_56' title="bbox 340 3346 2012 3455; baseline -0.001 -62"><span class='ocrx_word' id='word_1_516' title='bbox 340 3347 593 3410; x_wconf 80' lang='lat' dir='ltr'>priusquam</span> <span class='ocrx_word' id='word_1_517' title='bbox 610 3348 775 3396; x_wconf 88' lang='lat' dir='ltr'>bellum</span> <span class='ocrx_word' id='word_1_518' title='bbox 795 3349 842 3395; x_wconf 89' lang='lat' dir='ltr'>in</span> <span class='ocrx_word' id='word_1_519' title='bbox 861 3347 1152 3397; x_wconf 83' lang='lat' dir='ltr'>Athenienses</span> <span class='ocrx_word' id='word_1_520' title='bbox 1168 3347 1447 3414; x_wconf 83' lang='lat' dir='ltr'>susciperent,</span> <span class='ocrx_word' id='word_1_521' title='bbox 1464 3348 1596 3397; x_wconf 78' lang='lat' dir='ltr'>sociis</span> <span class='ocrx_word' id='word_1_522' title='bbox 1609 3347 1819 3395; x_wconf 84' lang='lat' dir='ltr'>omnibus</span> <span class='ocrx_word' id='word_1_523' title='bbox 1831 3346 2012 3455; x_wconf 74' lang='lat' dir='ltr'>descan-</span> 
     </span>
     <span class='ocr_line' id='line_1_57' title="bbox 1889 3423 2011 3468; baseline -0.016 -12"><span class='ocrx_word' id='word_1_524' title='bbox 1889 3425 1921 3456; x_wconf 83' lang='lat' dir='ltr'>ae</span> <span class='ocrx_word' id='word_1_525' title='bbox 1937 3423 2011 3468; x_wconf 79' lang='lat' dir='ltr'>Ju-</span> 
     </span>
    </p>
   </div>
  </div>
 </body>
</html>
