2380 3917
379 335 450 382 57⁶
789 325 1635 367 nervannattr

151 432 178 444 .,
197 418 231 454 ς.
246 410 318 442 me
383 394 574 440 alienare
586 409 677 440 non
693 394 856 442 valent.
870 392 973 439 Imo
988 405 1095 438 ante
1127 405 1231 438 uam
1251 405 1441 453 regnum
1456 393 1675 454 accipiant
1700 429 1712 447 ,
1729 405 1825 454 quo
1854 404 2068 457 tempore

148 459 328 503 mulssim
385 458 573 517 populus
588 456 756 503 adhuci
791 456 842 502 fis
860 455 905 502 su
939 455 1063 501 erior
1076 456 1116 501 el
1141 493 1151 511 ‚
1171 453 1272 516 lege
1292 452 1473 516 publica
1510 456 1623 500 tales
1647 454 1768 501 aelus
1793 456 1835 500 in
1857 454 2064 503 futurum

156 514 169 539 ¹
183 512 313 595 ¹22?
327 509 360 539 ¹¹
382 519 509 579 plane
528 520 642 566 irriti
660 519 739 565 red
781 521 792 565 i
810 534 870 580 po
907 531 987 563 unt
1023 556 1035 573 ,
1052 519 1117 563 ira
1132 530 1180 562 ut
1191 530 1273 562 nec
1303 515 1356 561 ad
1387 515 1436 561 id
1452 515 1579 579 quod
1614 517 1793 563 interest
1815 517 2064 582 obligatio-

153 558 191 595 3'
275 562 322 594 η’
380 596 484 626 nem
501 583 689 642 pariant.
709 583 770 628 At
805 597 859 629 ue
876 580 922 628 id
936 579 1133 643 populos
1147 577 1337 626 voluisse
1355 578 1570 625 credibile
1588 578 1664 634 est,
1687 594 1741 625 ne
1757 580 1930 643 alioqui
1950 580 1980 627 si
1999 579 2059 626 ad

380 643 428 688 id
448 644 573 704 quod
591 599 900 692 interestialva
916 642 1023 690 effer
1040 641 1157 688 aftio
1176 640 1492 698 contrahenti,
1513 640 1798 688 subditorum
1835 643 1957 689 bona
1972 657 2061 706 pro

379 705 542 752 debito
562 710 679 769 regis
697 721 966 771 caperentur
986 743 998 762 ,
1017 720 1069 752 ac
1081 703 1140 751 fic
1158 703 1218 751 de
1235 717 1326 749 non
1347 703 1583 750 alienando
1599 704 1794 766 imperio
1823 721 1936 752 vana
1953 705 2060 752 effet

380 771 555 815 cautio.
573 769 694 834 Ergo
709 785 758 815 ut
774 770 1012 833 imperium
1029 780 1184 814 totum
1201 765 1354 814 valide
1369 765 1563 812 transeat
1591 803 1603 821 ,
1621 765 1775 829 populi
1791 769 1935 814 totius
1952 784 2063 814 con-

383 829 506 876 sensu
519 847 632 894 opus
643 832 718 888 est,
737 834 813 894 qui
829 830 1035 895 expediri
1050 828 1198 893 potest
1217 844 1297 892 per
1314 830 1509 892 partium
1527 828 1705 891 legatos
1721 845 1837 891 quos
1855 830 2060 878 Ordines

384 907 565 940 vocant.
600 892 661 941 Vt
678 911 778 958 pars
796 895 943 957 aliqua
954 894 1131 955 imperii
1151 891 1297 940 valide
1316 890 1531 938 alienetur
1552 890 1720 954 duplici
1734 907 1854 954 opus
1868 892 1931 938 est
1943 908 2053 938 con-

383 954 520 1010 sensu,
539 959 587 1001 85
602 959 827 1019 corporis,
846 959 895 1004 &
909 956 936 1003 s
957 955 1154 1002 ecialiter
1170 957 1267 1016 ejus
1282 957 1420 1016 partis
1437 953 1496 1000 de
1511 969 1597 1018 qua
1612 955 1762 1018 agitur
1782 992 1793 1010 ,
1818 969 1867 1000 ut
1878 970 1974 1016 quae
1990 956 2055 1001 in-

384 1019 478 1063 vita
495 1023 521 1065 a
538 1034 736 1081 corpore
751 1023 822 1067 cui
838 1035 926 1066 coa
945 1020 1009 1065 uit
1025 1018 1158 1066 avelli
1176 1030 1381 1080 nequeat.
1400 1015 1492 1063 Sed
1511 1032 1613 1081 pars
1626 1015 1717 1079 ipsa
1731 1031 1886 1063 tamen
1905 1017 2055 1065 valide

382 1079 427 1124 in
443 1079 486 1126 se
503 1081 744 1143 imperium
758 1081 1021 1130 transcribet
1038 1081 1126 1134 fine
1141 1080 1295 1144 populi
1311 1078 1523 1126 consensu
1540 1081 1586 1125 in
1605 1078 1776 1126 summa
1792 1094 1930 1143 atque
1944 1079 2055 1128 alias

382 1142 631 1189 inevitabili
650 1143 906 1192 neceffitate
924 1181 934 1196 ,
954 1145 1059 1207 quia
1074 1159 1174 1191 eam
1202 1141 1472 1206 potestatem
1503 1140 1727 1189 credibile
1742 1142 1804 1189 est
1819 1157 2053 1206 receptam

385 1218 490 1250 curn
513 1204 702 1255 societas
718 1208 860 1255 civilis
875 1208 999 1255 coita
1017 1205 1095 1254 est.
1128 1206 1193 1254 Ar
1207 1208 1253 1252 in
1268 1205 1419 1278 regnis
1436 1204 1827 1269 patrimonialibus
1844 1221 1937 1268 quo
1966 1207 2056 1252 mi-

385 1282 467 1313 nus
481 1283 563 1315 rex
578 1285 768 1334 regnum
786 1271 949 1318 alienet
960 1269 1070 1317 nihil
1086 1268 1293 1331 impedit.
1309 1269 1426 1315 Pieri
1451 1282 1604 1315 tamen
1623 1267 1768 1328 potest
1784 1283 1833 1315 ut
1850 1266 1952 1315 talis
1969 1284 2052 1316 rex

383 1343 558 1391 partem
570 1332 762 1395 aliquam
779 1334 956 1397 imperii
988 1333 1183 1379 alienare
1198 1346 1290 1378 non
1311 1331 1462 1379 valeat
1477 1369 1489 1389 ‚
1533 1329 1565 1377 fi
1580 1345 1745 1441 nemsse
1762 1345 1952 1395 regnum
1968 1329 2054 1379 sub

383 1406 528 1439 onere
543 1396 638 1454 ejus
650 1412 741 1443 non
755 1395 988 1444 dividendi
1005 1396 1050 1442 in
1060 1395 1390 1459 proprietatem
1405 1394 1648 1456 acceperit.
1723 1409 1812 1441 ona
1828 1408 1939 1444 vero
1956 1410 2053 1457 quae

382 1454 726 1518 regnidicuntur
742 1458 869 1521 quod
888 1460 1047 1506 attinet
1061 1496 1072 1514 ,
1098 1455 1276 1521 possunt
1292 1459 1341 1502 &
1356 1457 1448 1503 haec
1464 1459 1509 1503 in
1538 1456 1866 1516 patrimonium
1898 1458 2052 1505 venire

385 1517 689 1579 regisduobus
707 1521 873 1577 modis,
891 1537 968 1568 aut
985 1519 1305 1582 separabiliter,
1325 1532 1401 1566 aut
1418 1518 1652 1566 individue
1660 1534 1764 1565 cum
1779 1518 1875 1582 ipso
1887 1533 2050 1582 regno.

156 1586 224 1620 ω.
239 1593 298 1630 11,
384 1577 432 1625 Si
448 1581 537 1627 hoc
553 1583 715 1640 modo,
734 1582 974 1631 transscribi
993 1597 1219 1647 poterunt,
1237 1581 1311 1628 sed
1328 1597 1421 1628 non
1436 1581 1513 1628 nifi
1529 1596 1635 1628 cum
1654 1595 1799 1644 regno
1818 1597 1830 1629 :
1869 1580 1902 1628 fi
1916 1581 2048 1640 illud,

151 1645 182 1669 ὓ
203 1641 259 1680 ¹3·
381 1644 517 1689 etiam
532 1643 743 1694 seorsum.
779 1647 870 1710 Q
886 1661 997 1693 vero
1015 1661 1144 1710 reges
1166 1647 1210 1692 in
1225 1645 1508 1706 patrimonio
1532 1658 1722 1707 regnum
1752 1659 1843 1690 non
1863 1643 2047 1697 habent,

382 1704 450 1751 his
467 1707 542 1753 vix
559 1708 619 1755 est
632 1724 680 1755 ut
689 1711 759 1767 jus
773 1710 899 1774 regni
914 1709 1034 1756 bona
1049 1706 1268 1756 alienandi
1282 1702 1536 1754 concessum
1551 1704 1763 1753 videatur
1775 1743 1787 1762 ‚
1813 1706 1890 1752 nisi
1905 1706 2041 1753 diser-

380 1780 427 1812 te
445 1768 491 1814 id
512 1784 720 1834 appareat
746 1788 804 1820 ex
830 1773 1068 1837 primitiva
1093 1771 1195 1838 lege
1210 1784 1287 1817 aut
1314 1783 1446 1818 more
1473 1770 1547 1817 cui
1574 1767 1912 1817 contradiCtum
1928 1785 2044 1816 nun-

380 1846 513 1891 quam
529 1835 603 1880 fit.

442 1893 533 1942 VI.
567 1894 657 1942 Sed
673 1897 721 1942 &
733 1910 947 1959 quatenus
963 1897 1181 1962 promisso
1220 1898 1340 1962 regis
1355 1894 1551 1962 populus
1565 1911 1616 1942 ac
1631 1894 1759 1941 simul
1777 1892 2047 1943 successores

152 1961 221 1994 bb·
241 1969 294 1997 ¹1.
309 1973 339 1994 c·
377 1954 630 2021 obligentur
663 1958 766 2006 alibi
797 1960 1021 2009 diximus:
1051 1976 1214 2023 nempe
1225 1975 1447 2022 quatenus
1478 1955 1712 2024 obligandi
1753 1956 1948 2019 potestas
1963 1956 2043 2004 sub

154 2014 282 2097 ἕξεί·
303 2018 358 2049 ¹0²
378 2019 437 2064 im
473 2021 568 2066 erio
585 2021 907 2084 comprehensa
924 2023 1004 2071 est.
1019 2023 1150 2086 quod
1165 2023 1303 2070 necin
1319 2021 1539 2068 infinitum
1557 2018 1777 2084 protrahi,
1795 2036 1877 2066 nec
1892 2019 1950 2068 ad
1960 2036 2041 2067 an-

149 2079 358 2146 1·asq.‘ci.c.5,
376 2036 536 2145 ςυίῗὶειε
550 2085 709 2132 nimias
718 2084 875 2131 arCtari
886 2084 1039 2141 debet,
1055 2084 1133 2132 sed
1145 2083 1407 2146 itaintelligi
1435 2098 1488 2131 ut
1507 2084 1650 2130 valeat
1668 2081 1796 2144 quod
1811 2082 2044 2146 probabili

150 2159 184 2179 ν’·
201 2158 234 2190 9-
379 2146 552 2191 ratione
563 2149 729 2195 nititur.
766 2146 900 2193 Plane
919 2146 1038 2195 aliud
1054 2149 1139 2195 erit
1166 2147 1197 2194 fi
1211 2146 1310 2209 quis
1325 2161 1407 2193 rex
1421 2145 1547 2194 fimul
1579 2145 1865 2193 lubditorum
1884 2146 2040 2192 domi-

150 2194 322 2274 ξζζΜζώ·
378 2223 456 2252 nus
472 2207 537 2264 fit,
553 2225 696 2272 neque
705 2225 801 2256 tam
817 2209 949 2256 civile
965 2226 1102 2273 quam
1119 2208 1343 2259 familiare
1354 2210 1597 2271 imperium
1613 2210 1862 2271 acceperit:
1896 2225 1946 2255 ut
1959 2210 2037 2271 qui

146 2294 191 2321 w
202 2295 215 2322 1
227 2266 257 2322 ἰ,
272 2251 354 2328 ζ’ζχ,
378 2268 498 2316 bello
517 2272 659 2319 victos
672 2274 717 2319 in
729 2270 992 2320 servitutem
1019 2272 1253 2337 redigunt:
1281 2286 1356 2319 aut
1373 2272 1403 2318 fi
1421 2274 1464 2318 in
1480 2271 1715 2334 personam
1748 2272 1934 2333 quidem
1949 2275 2037 2319 do-

375 2333 561 2380 minium
580 2352 672 2383 non
689 2334 847 2381 habeat
866 2336 996 2384 sedin
1009 2351 1079 2383 res
1091 2336 1254 2383 habeat
1279 2371 1290 2390 ,
1303 2349 1354 2381 ut
1372 2334 1550 2382 Pharao
1566 2335 1611 2381 in
1625 2347 1749 2380 terra
1765 2334 1955 2401 AEgypti
1973 2349 2032 2383 ex

375 2410 515 2445 emto,
535 2398 581 2443 δέ
597 2400 669 2446 alii
686 2400 760 2462 qui
772 2398 967 2446 advenas
979 2400 1024 2445 in
1041 2398 1165 2446 suum
1177 2398 1399 2459 privatum
1417 2411 1690 2461 receperunt.
1725 2394 1855 2444 Nam
1874 2397 1946 2444 hic
1962 2399 2035 2458 jus

374 2471 532 2518 praeter
547 2464 719 2526 regium
736 2461 953 2509 accedens
969 2461 1107 2510 efficit
1125 2477 1172 2509 ut
1186 2477 1243 2509 ex
1254 2475 1312 2507 eo
1326 2460 1547 2518 consistat,
1563 2458 1690 2523 quod
1707 2458 1876 2523 alioqui
1893 2475 1976 2524 per
1987 2459 2034 2508 ie

373 2519 471 2565 solo
485 2524 611 2585 regio
622 2528 720 2582 jure
738 2523 971 2571 confistere
987 2541 1078 2571 non
1097 2525 1251 2588 posset.

440 2583 477 2630 V
497 2585 513 2630 Ι
534 2588 568 2633 Ι.
604 2588 835 2650 Disputari
852 2588 902 2634 δε
916 2588 1008 2634 hoc
1021 2586 1136 2635 solet
1152 2586 1261 2650 quid
1272 2587 1316 2634 in
1331 2602 1401 2635 res
1412 2585 1687 2650 lingulorum
1717 2585 1885 2648 poffint
1902 2587 2031 2650 pacis

374 2644 501 2691 causa
517 2649 704 2697 statuere
717 2652 793 2713 qui
809 2665 938 2715 reges
948 2649 1047 2697 sunt
1061 2688 1073 2707 ,
1087 2652 1228 2698 necin
1262 2655 1291 2687 *
1323 2666 1395 2698 res
1407 2648 1689 2697 subditorum
1724 2647 1848 2696 aliud
1861 2653 1929 2709 jus
1948 2651 2025 2696 ha-

375 2707 482 2753 bent
497 2727 629 2772 quam
644 2716 836 2776 regium.
866 2712 985 2760 Alibi
1000 2711 1197 2761 diximus
1213 2728 1282 2763 res
1295 2713 1578 2761 subditorum
1610 2712 1690 2758 sub
1705 2713 1920 2759 eminenti
1936 2713 2028 2759 do-

374 2773 516 2818 minio
531 2775 612 2820 effe
627 2778 834 2831 civitatis,
855 2776 918 2822 ita
934 2790 985 2822 ut
999 2776 1170 2833 civitas,
1189 2792 1264 2824 aut
1281 2778 1356 2840 qui
1371 2776 1569 2824 civitatis
1585 2776 1683 2821 vice
1703 2770 1907 2838 fungitur
1933 2812 1946 2831 ,
1972 2776 2028 2822 iis

376 2832 507 2899 rebus
537 2839 599 2883 uti
617 2876 627 2893 ,
647 2838 807 2900 easque
829 2839 967 2886 etiam
999 2838 1189 2901 perdere
1217 2843 1266 2889 δε
1283 2839 1472 2886 alienare
1487 2837 1624 2902 possit
1641 2875 1653 2893 ,
1667 2851 1759 2882 non
1776 2852 1950 2884 tantum
1966 2854 2026 2887 ex

374 2902 544 2943 lumina
561 2901 813 2947 necessitate
833 2941 843 2958 ,
864 2917 958 2961 quae
973 2902 1155 2963 privatis
1166 2918 1343 2966 quoque
1355 2904 1424 2963 jus
1441 2898 1685 2963 aliquodin
1703 2898 1847 2947 aliena
1864 2916 2024 2948 conce-

373 2959 456 3014 dit,
477 2959 552 3005 scd
567 2963 629 3008 ob
648 2963 871 3025 publicam
889 2964 1126 3011 utilitatem
1149 3003 1161 3021 ,
1180 2969 1249 3013 cui
1267 2966 1465 3027 privatas
1476 2965 1640 3012 cedere
1657 2962 1721 3008 illi
1738 2963 1750 3007 i
1786 2962 1815 3009 fi
1837 2963 2023 3012 voluisse

373 3022 577 3070 censendi
610 3024 703 3070 sunt
720 3027 794 3086 qui
812 3027 854 3071 in
871 3025 1048 3071 civilem
1066 3042 1220 3075 caetum
1236 3030 1454 3077 coierunt.
1480 3025 1574 3075 Sed
1589 3025 1737 3071 adden
1775 3043 1848 3072 um
1863 3026 1925 3073 est
1939 3064 1950 3082 ,
1970 3027 2022 3075 id

369 3101 471 3130 cum
488 3087 535 3131 fit
552 3088 780 3132 civitatem
795 3089 930 3132 teneri
959 3089 1026 3135 his
1061 3092 1137 3152 qui
1152 3090 1274 3138 suum
1295 3092 1509 3141 amittunt
1528 3128 1540 3145 ,
1556 3086 1714 3136 sarcire
1731 3088 1946 3137 damnum
1960 3091 2021 3137 de

142 3185 213 3217 Μ
238 3187 278 3219 Μ
310 3196 321 3221 1
369 3148 550 3207 publico
575 3188 585 3205 ,
601 3152 642 3194 in
661 3150 783 3210 quod
797 3148 1019 3211 publicum
1037 3168 1200 3200 nomen
1229 3157 1276 3202 δε
1303 3152 1393 3216 ipse
1410 3153 1714 3215 quidamnum
1729 3151 1868 3212 passus
1884 3153 1967 3209 est,
1987 3153 2019 3199 fi

143 3247 168 3263 Γ,
183 3212 225 3271 ‘51‘
235 3212 337 3268 pff*
368 3225 481 3277 opus
499 3212 572 3265 est,
590 3211 856 3258 contribuet.
875 3212 1038 3275 Neque
1052 3215 1140 3262 hoc
1157 3231 1294 3263 onere
1305 3217 1530 3263 levabitur
1553 3215 1711 3261 civitas
1724 3213 1752 3260 fi
1767 3230 1882 3262 nunc
1893 3215 2019 3262 forte

194 3281 214 3337 ζ,
236 3285 308 3314 ³10.
367 3287 402 3339 ci
422 3272 679 3337 praestationi
694 3289 768 3337 par
784 3290 870 3320 non
886 3275 952 3331 sit,
973 3275 1047 3323 sed
1059 3279 1440 3344 quandocumque
1449 3281 1582 3343 copia
1595 3277 1790 3342 suppetit
1808 3314 1820 3335 ,
1837 3278 2018 3326 exseret

141 3338 195 3354 ·’
216 3339 245 3356 ’“
265 3327 346 3417 ¹3
369 3336 451 3380 {cle
466 3336 579 3396 quasi
597 3335 738 3397 sopita
750 3336 983 3401 obligatio.

299 3393 317 3415 “
346 3405 353 3414 ’
1709 3402 1791 3452 vr
1807 3401 1879 3451 11.
1913 3401 2017 3450 Ne-

140 3372 286 3411 Ινκ’1.1.(,.
