2475 3854
797 266 907 305 nc
978 265 1737 313 raels,1.113.11-
2040 274 2113 328 ¹85

439 334 747 386 remotiffimo
757 331 904 397 gradu
914 331 1091 390 distant,
1110 331 1224 380 dum
1240 335 1268 379 a
1283 333 1433 394 prImo
1446 347 1555 396 rege
1568 332 1853 383 descendant.
1868 334 1944 384 Est
1959 338 2010 388 δε
2022 339 2102 388 ubi

438 399 676 448 deficiente
694 398 898 462 agnatica
914 395 1188 443 substituitur
1203 393 1416 442 successio
1427 399 1680 460 cognatica.

503 460 555 509 X
568 460 619 516 X
633 458 654 506 Ι
670 457 732 509 V.
765 456 945 506 Poffunt
960 459 1010 506 δε
1021 459 1095 506 alii
1110 456 1436 506 successionum
1449 459 1582 507 modi
1604 459 1848 519 introduci,
1864 477 1943 511 aut
1958 479 2107 530 popu.

439 523 475 571 Ii
488 523 725 573 voluntate
746 559 758 577 ,
780 536 858 569 aut
873 523 1015 570 etiam
1031 523 1128 583 ejus
1155 522 1232 584 qui
1244 536 1434 592 regnum
1450 523 1515 569 ita
1528 525 1573 571 in
1585 525 1862 586 patrimonio
1873 526 2011 574 habet
2023 567 2034 584 ,
2055 543 2106 576 ut

439 586 633 635 alienare
645 583 801 649 possit.
838 584 966 633 Licet
980 587 1101 635 enim
1114 584 1310 647 exemph
1324 583 1453 632 causa
1465 586 1739 634 constituere
1756 626 1768 644 ‚
1805 589 1832 616 ²¹⁵
1864 604 1915 638 ut
1962 592 2008 637 ui
2023 590 2104 638 fibi

440 665 627 713 quoque
640 663 851 710 tempore
873 647 1013 697 futuri
1036 646 1136 696 sunt
1165 649 1364 713 proximi
1380 646 1620 697 succedant
1634 652 1680 697 in
1695 666 1883 715 regnum
1900 689 1912 704 ,
1947 668 2039 700 1cut
2054 670 2104 700 a·

438 710 534 776 pud
548 710 780 760 Numidas
795 712 925 768 olim,
944 725 1058 773 puto
1071 711 1151 759 tali
1163 709 1372 765 excausa,
1393 709 1556 759 fratres
1570 711 1720 764 liberis
1728 715 1875 762 ultimi
1889 716 2101 780 possesso·
2119 708 2233 743 '‘³va
2243 708 2300 743 ’ίῦ-

439 776 501 823 ris
518 772 884 835 praeferebantur.
920 773 1053 822 Idem
1079 776 1125 821 in
1152 773 1322 821 Arabia
1337 770 1470 820 felice
1494 775 1755 839 usurpatum
1772 777 1884 825 olim
1903 776 2026 826 fuiffe
2042 795 2100 828 ex
2120 763 2232 790 ‘¹¹¹'

440 836 669 886 Strabone
685 836 873 902 colligo.
908 838 985 885 De
995 837 1194 885 Taurica
1212 834 1498 883 Chersoneso
1514 836 1637 884 idem
1653 842 1927 888 recentiores
1943 842 2104 905 prodi-
2118 834 2189 872 Lib·
2200 842 2284 873 '‘V'-

440 899 570 948 dere.
604 898 711 946 Nec
725 901 790 947 ita
806 899 980 948 dudum
999 900 1059 947 est
1077 916 1182 947 cum
1215 903 1240 930 *
1274 898 1394 962 apud
1411 897 1551 946 Afros
1568 901 1750 949 Maroci
1765 904 1815 950 δε
1831 904 1958 951 Feffae
1973 920 2104 968 reges

439 961 566 1011 idem
582 962 644 1009 est
660 961 930 1010 factitatum.
956 962 1109 1026 Atque
1122 962 1271 1011 hocin
1287 960 1428 1009 dubio
1446 962 1775 1012 observandum
1792 967 1837 1012 in
1854 966 1959 1014 fidei
1975 957 2105 1015 com-
2121 973 2162 1008 L·
2178 973 2255 1007 cum
2267 973 2317 1026 itt?

438 1027 571 1073 misio
589 1023 716 1089 quod
732 1024 914 1073 familiae
928 1025 1196 1088 relinquitur
1213 1064 1224 1082 ‚
1243 1025 1394 1073 verior
1410 1023 1472 1076 est
1486 1024 1699 1080 sententia
1717 1065 1729 1084 ,
1754 1027 1973 1077 Romanis
1988 1046 2104 1092 quo·
2119 1020 2335 1099 “ffmffiffi

438 1105 528 1152 que
543 1088 719 1153 legibus
732 1103 990 1153 congruens
1007 1127 1019 1146 ,
1034 1104 1291 1152 quanquam
1324 1103 1398 1134 eas
1414 1088 1679 1151 interpretes
1690 1090 1780 1136 alio
1812 1091 2099 1155 detorquent.
2120 1078 2336 1157 ΜΞΞᾸἝᾨΕ-

438 1150 529 1201 His
544 1151 660 1200 bene
674 1153 875 1216 cognitis
897 1150 1031 1198 facile
1048 1153 1134 1200 erit
1151 1148 1426 1213 respondere
1439 1150 1497 1197 ad
1514 1152 1849 1200 controversias
1863 1153 1922 1200 de
1938 1171 2103 1217 regno·
2119 1161 2337 1205 lega-covar-

438 1229 543 1262 rum
552 1220 668 1278 Jure,
688 1231 784 1278 quae
800 1212 865 1262 ob
879 1211 1137 1264 differentes
1151 1212 1569 1261 Iurisconsultorum
1585 1212 1823 1264 sententias
1835 1215 2102 1266 difficillimae
2116 1207 2338 1297 ζξζὲῖλῖζζ

472 1293 549 1325 uta
579 1292 666 1325 tur.

437 1293 470 1341 p
503 1296 620 1389 XnX
637 1338 692 1388 V.
728 1339 931 1395 Primum
947 1338 1157 1403 quaeritur
1172 1354 1227 1387 an
1244 1340 1357 1387 filius
1370 1342 1398 1387 a
1414 1353 1540 1403 patre
1554 1339 1819 1388 exheredari
1847 1340 1984 1404 poffit
2003 1379 2014 1397 ,
2049 1355 2099 1388 ut
2115 1301 2188 1393 :ibis
2205 1313 2236 1336 δ’
2248 1301 2331 1337 ⁶*

439 1417 498 1450 ne
513 1405 559 1450 in
573 1419 764 1468 regnum
777 1401 997 1453 succedat.
1031 1400 1083 1448 In
1095 1417 1188 1464 quo
1206 1401 1517 1467 distinguenda
1541 1402 1639 1450 sunt
1670 1416 1806 1465 regna
1835 1403 2100 1462 alienabilia,

437 1464 486 1511 id
504 1465 565 1512 est
583 1505 594 1524 ‚
613 1463 948 1530 patrimonialia
978 1468 1005 1511 a
1034 1480 1124 1510 non
1142 1464 1469 1514 alienabilibus.
1486 1464 1616 1512 Nam
1632 1468 1678 1512 in
1699 1466 2005 1519 alienabilibus
2019 1467 2106 1513 du-

438 1527 566 1575 bium
584 1542 674 1575 non
691 1528 754 1575 est
766 1529 874 1591 quin
882 1526 1181 1576 exheredatio
1190 1529 1411 1591 procedat
1428 1566 1440 1584 ‚
1455 1543 1561 1575 cum
1578 1531 1604 1575 a
1623 1527 1753 1586 bonis
1776 1530 1870 1576 aliis
1887 1529 1997 1575 nihil
2013 1528 2100 1580 dif-

436 1588 612 1652 ferant:
626 1605 760 1654 atque
776 1590 884 1637 ideo
901 1606 995 1652 quae
1010 1590 1186 1654 legibus
1217 1605 1293 1637 aut
1324 1589 1529 1639 moribus
1544 1589 1751 1639 obtinent
1777 1591 1838 1638 de
1854 1591 2105 1639 exhereda-

434 1655 582 1710 tione‚
601 1653 676 1700 hic
694 1667 879 1716 quoque
894 1652 1123 1700 habebunt
1140 1654 1293 1699 locum
1313 1656 1383 1700 :&
1399 1653 1430 1700 si
1452 1653 1578 1700 nullae
1588 1652 1877 1717 proferantur
1892 1655 1934 1701 le
1967 1669 2014 1701 es
2025 1669 2103 1702 aut

437 1732 594 1765 mores
613 1753 627 1772 ‚
645 1729 797 1763 tamen
814 1715 1076 1763 naturaliter
1091 1719 1115 1745 *
1134 1715 1256 1762 licita
1268 1718 1352 1763 erit
1369 1714 1665 1764 exheredatio
1692 1717 1828 1779 usque
1845 1717 1903 1764 ad
1918 1670 2105 1764 affirmen-

438 1793 489 1827 ta
504 1817 516 1834 ‚
536 1794 613 1826 aut
626 1780 766 1826 etiam
780 1778 937 1825 fine-ea
951 1778 1222 1842 exceptione
1240 1816 1252 1835 ,
1272 1778 1303 1826 fi
1316 1780 1487 1826 crimen
1504 1792 1656 1825 morte
1687 1779 1875 1844 dignum
1890 1780 2004 1827 filius
2021 1779 2106 1825 ad-

422 1839 610 1901 “miserit
629 1879 642 1897 ‚
664 1854 740 1888 aut
760 1841 928 1904 alioqui
945 1843 1146 1906 graviter
1160 1843 1436 1905 peccaverit,
1470 1842 1519 1888 8<
1549 1840 1601 1888 fit
1623 1842 1748 1889 ⁴unde
1765 1842 1820 1889 ali
1838 1842 1989 1903 poffit.
2024 1839 2101 1889 Sic

437 1902 604 1952 Ruben
632 1906 660 1950 a
691 1903 868 1951 Iacobo
899 1903 963 1951 ob
995 1903 1175 1967 culpam
1197 1905 1396 1967 privatus
1424 1902 1486 1951 est
1516 1904 1624 1963 jure
1663 1906 1763 1951 rimi
1781 1907 1888 1952 nati.
1917 1905 2105 1953 Adonia

437 1981 585 2030 regno
602 1968 628 1996 ’¹‘
647 1969 674 2011 a
690 1966 887 2014 Davide.
931 1966 1035 2013 Imo
1049 1968 1186 2014 etiam
1200 1982 1288 2029 pro
1302 1968 1437 2016 tacite
1452 1967 1618 2013 exhere
1656 1981 1732 2013 ato
1753 1966 2101 2031 habebitur9qui
2119 1975 2273 2029 L-Lues'us
2282 1975 2336 2009 Π·

436 2044 579 2094 grave
604 2029 776 2075 crimen
793 2028 1073 2076 commiserit
1102 2030 1148 2075 in
1164 2044 1340 2091 patrem
1360 2068 1370 2086 ,
1386 2028 1417 2076 fi
1430 2028 1548 2076 nulla
1562 2027 1657 2075 sunt
1673 2029 1939 2077 condonatae
1966 2031 2105 2093 culpae
2120 2029 2231 2101 “3⁴31
2247 2025 2310 2090 ζ’*

436 2090 617 2146 indicia.
651 2089 743 2138 Sed
760 2091 807 2139 in
820 2106 912 2138 non
929 2090 1235 2139 alienabilibus
1251 2128 1262 2148 ‚
1281 2107 1533 2156 quanquam
1550 2091 1828 2139 hereditariis
1846 2129 1857 2143 ‚
1875 2092 2000 2139 idem
2014 2108 2105 2139 non
2121 2079 2333 2162 Zfflezgmg

435 2152 675 2218 procedet,
696 2154 800 2216 quia
814 2153 1005 2217 populus
1020 2155 1144 2202 viam
1160 2154 1346 2216 quidem
1358 2154 1496 2218 elegit
1511 2153 1827 2201 hereditariam
1847 2192 1858 2210 ‚
1880 2159 1911 2190 *
1929 2154 2004 2201 sed
2020 2156 2255 2216 he-I3F1'l1'05
2269 2163 2334 2196 Se-

437 2215 704 2263 reditariam
728 2214 784 2262 ab
797 2216 1026 2263 intestato.
1056 2216 1216 2264 Multo
1248 2219 1396 2263 minus
1425 2215 1646 2280 procedet
1678 2217 1972 2264 exheredatio
1988 2218 2033 2263 in
2048 2218 2103 2262 li·
2112 2211 2222 2288 12³³·
2231 2210 2284 2289 ᾖ·

437 2279 553 2326 neali
570 2277 854 2335 successione,
869 2277 947 2325 ubi
962 2279 1082 2327 nulla
1096 2280 1355 2326 imitatione
1364 2279 1625 2328 hereditatis
1643 2294 1702 2326 ex
1714 2279 1842 2330 dono
1858 2279 2011 2342 populi
2030 2295 2102 2326 re·
2116 2267 2295 2349 ἶιοζεῖᾎῃῇἷ

435 2357 577 2407 gnum
620 2342 798 2387 ervenit
809 2340 869 2386 ad
883 2342 1078 2404 fingulos
1139 2340 1365 2404 raescripto
1382 2340 1560 2388 ordine.⁴
2121 2347 2161 2381 (7
2172 2350 2229 2382 aas·
2251 2362 2284 2382 m
2297 2359 2326 2384 e.

504 2402 554 2449 X
567 2356 668 2450 >gv
682 2403 720 2449 Ι.
752 2401 919 2451 Similis
929 2403 992 2451 est
1040 2357 1188 2452 uaeiiio
1206 2441 1220 2461 ,
1240 2420 1294 2450 an
1310 2402 1509 2452 abdicari
1542 2402 1678 2466 poffit
1706 2418 1891 2467 regnum
1912 2442 1923 2461 ,
1937 2420 2013 2452 aut
2028 2405 2098 2464 jus
2113 2395 2187 2475 ᾆξ’
2200 2420 2212 2440 ²
2225 2397 2330 2431 ἄηθ’

436 2462 706 2516 succedendi
720 2467 765 2511 in
782 2481 986 2530 regnum.
1002 2422 1060 2514 {t
1077 2468 1182 2530 quin
1196 2481 1283 2529 pro
1300 2464 1342 2512 ie
1359 2465 1542 2528 quisque
1550 2465 1758 2512 abdicare
1775 2467 1914 2529 poffit
1930 2484 2021 2513 non
2039 2467 2100 2513 est
2150 2466 2161 2477 ⁸

436 2526 629 2574 dubium
645 2543 727 2576 :an
745 2529 792 2573 &
803 2543 890 2590 pro
906 2528 1058 2577 liberis
1074 2529 1220 2593 magis
1237 2527 1598 2584 controversum,
1614 2526 1690 2574 sed
1704 2530 1830 2589 quod
1847 2530 2010 2576 eadem
2028 2531 2100 2577 di-

436 2589 671 2640 stinffione
687 2589 891 2653 expediri
904 2590 1055 2638 debet.
1091 2588 1221 2638 Nam
1251 2592 1298 2636 in
1317 2590 1600 2637 hereditariis
1616 2592 1692 2651 qui
1704 2592 1778 2650 jus
1794 2595 1820 2637 a
1838 2590 1881 2637 se
1899 2591 2096 2648 abdicat,

437 2653 484 2699 in
498 2652 670 2699 liberos
699 2652 809 2698 nihil
825 2654 971 2717 potest
997 2652 1260 2700 transferre.
1295 2652 1356 2699 At
1374 2654 1419 2698 in
1435 2653 1578 2699 lineali
1597 2651 1866 2699 successione
1881 2656 2018 2715 patris
2029 2654 2100 2700 fa-

439 2714 742 2770 stumnocere
757 2730 846 2760 non
866 2716 1010 2778 potest
1026 2716 1179 2763 liberis
1197 2716 1328 2771 natis,
1349 2716 1452 2775 quia
1465 2715 1589 2761 fimul
1605 2729 1740 2781 atque
1753 2716 1936 2762 existere
1953 2732 2106 2780 coepe-

441 2791 545 2824 runt
561 2777 629 2834 jus
645 2778 881 2840 proprium
899 2779 963 2824 eis
985 2777 1213 2841 quaefitum
1232 2777 1294 2822 est
1307 2793 1365 2823 ex
1382 2779 1506 2841 lege:
1532 2777 1606 2824 sed
1621 2792 1699 2823 nec
1717 2778 1949 2825 nascituris
1967 2817 1978 2835 ,
1999 2782 2104 2841 quia

441 2839 665 2899 impedire
681 2854 770 2884 non
786 2839 930 2901 potest
947 2875 956 2889 ,
978 2842 1087 2902 quin
1104 2840 1163 2885 ad
1177 2840 1280 2886 illos
1292 2855 1476 2902 quoque
1491 2839 1567 2886 suo
1580 2854 1787 2902 tempore
1801 2843 1869 2899 jus
1886 2844 2103 2903 pertineat

441 2917 501 2947 ex
516 2901 671 2965 populi
691 2899 836 2947 dono.
865 2902 1033 2964 Neque
1049 2901 1195 2949 obstat
1210 2902 1269 2947 de
1285 2902 1611 2949 tranfiniffione
1628 2904 1754 2964 quod
1783 2905 1994 2949 diximus.
2030 2904 2104 2950 Est

442 2964 564 3010 enim
583 2978 636 3009 ea
661 2963 931 3010 transmiffio
949 2965 1297 3020 neceffaria‚non
1314 2965 1584 3021 voluntaria,
1605 2967 1661 3012 ad
1679 2980 1881 3027 parentes
1893 2965 2014 3027 quod
2033 2980 2102 3012 at-

442 3028 573 3072 tinet.
605 3024 721 3072 Illud
736 3026 915 3073 interest
930 3028 1046 3073 inter
1064 3043 1194 3074 natos
1231 3027 1543 3073 &nascituros
1562 3064 1573 3081 ,
1587 3026 1711 3087 quod
1744 3026 1968 3074 nascituris
1985 3043 2101 3073 non-

445 3087 557 3134 dum
578 3087 803 3149 quaesitum
820 3085 872 3132 fit
888 3090 957 3146 jus
976 3126 987 3143 ,
1005 3103 1141 3152 atque
1155 3088 1264 3135 ideo
1276 3088 1440 3136 auferri
1453 3091 1504 3135 iis
1523 3091 1658 3152 poffit
1676 3090 1830 3153 populi
1847 3090 2096 3144 voluntate,

443 3151 474 3197 si
491 3151 630 3195 etiam
652 3163 856 3214 parentes
882 3165 1079 3211 quorum
1095 3151 1273 3197 interest
1290 3154 1361 3211 jus
1377 3152 1436 3199 ad
1452 3152 1567 3198 filios
1583 3153 1766 3200 transire
1787 3191 1797 3206 ‚
1816 3155 1884 3212 jus
1900 3151 2010 3198 illud
2026 3167 2097 3197 re-

446 3210 648 3260 miserint
672 3228 682 3260 :
701 3226 793 3274 quo
811 3214 1034 3271 pertinent
1051 3229 1106 3259 ea
1123 3230 1216 3277 quae
1233 3213 1296 3260 de
1308 3213 1595 3261 derelic‘tione
1614 3215 1736 3277 supra
1754 3214 1958 3260 diximus.

508 3276 559 3324 X
574 3273 623 3321 X
635 3272 675 3321 V
698 3274 720 3324 1
740 3272 773 3330 I.
808 3273 938 3322 Solet
954 3276 1003 3322 c&
1019 3276 1109 3322 hoc
1123 3278 1256 3337 quaeri
1276 3314 1287 3334 ,
1308 3293 1362 3324 an
1389 3276 1447 3322 de
1474 3276 1741 3327 succ-effione
1757 3279 1882 3342 regni
1897 3276 2099 3336 judicare

1419 3337 1479 3386 M
1514 3352 1541 3402 5
1948 3336 2103 3401 possit,
