2380 3917
425 315 497 352 140
811 297 1675 337 DEIVREBELLI

423 389 498 421 tur
518 414 528 429 ,
551 371 628 420 sed
641 387 732 418 non
751 383 973 433 perpetuo
995 407 1004 423 ‚
1025 383 1132 414 cum
1151 381 1330 430 tempus
1346 366 1541 430 longum
1553 366 1720 414 multas
1744 365 2001 416 occafiones
2014 368 2098 417 ad-

425 435 575 485 versus
597 449 769 482 metum
785 432 863 480 fibi
881 430 1154 481 consulendi,
1171 446 1252 493 per
1266 429 1325 485 se,
1347 429 1419 476 vel
1437 445 1516 492 per
1535 429 1650 476 alios
1666 429 1937 493 suppeditet,
1954 434 2096 480 etiam

189 526 226 559 L.
245 523 402 568 „xl-m,
423 498 636 548 exeundo
655 499 763 543 lines
777 499 874 556 ejus
904 496 979 558 qui
999 495 1219 540 metuitur
1234 530 1245 549 ‚
1273 493 1431 539 saltem
1449 507 1499 539 ut
1516 492 1786 554 protestatio
1802 493 1862 540 de
1883 496 1983 554 jure
2000 496 2094 554 fiat,

188 572 346 609 §.duam-
423 580 516 613 aut,
536 559 661 623 quod
673 562 824 623 potius
841 557 918 613 est,
939 555 997 604 ad
1013 556 1186 616 judices
1206 571 1283 603 aut
1295 555 1493 603 arbitros
1509 571 1806 619 provocetur.

190 621 280 652 nae
293 627 378 662 aqua
487 625 526 673 V
543 625 561 670 1
576 623 610 671 1·
646 625 767 685 Q21
786 637 898 668 vero
917 623 941 650 *
972 635 1151 682 tempus
1167 620 1443 665 memoriam
1471 618 1697 667 excedens
1718 620 1840 683 quasi
1871 622 2097 672 infinitum

189 676 275 710 ''⁴⁰‘'
292 667 330 698 ο
345 662 401 710 ‘st'
424 688 486 735 cst
502 688 750 740 moraliter,
766 684 809 730 id
817 701 875 730 eo
891 686 986 744 ejus
1005 683 1230 746 temporis
1243 681 1465 728 filentium
1477 681 1535 728 ad
1549 683 1614 727 rei
1627 682 1848 731 derclistae
1864 685 2094 746 conjeftu-

423 769 518 800 ram
540 750 711 814 temper
730 747 932 794 sufficere
949 745 1197 802 videbitur,
1216 743 1244 772 ²⁸¹
1264 744 1340 792 nifi
1358 743 1636 792 validissimae
1653 745 1735 793 fint
1753 749 1799 793 in
1816 750 2097 797 contrarium

424 817 636 862 rationes.
673 812 794 858 Bene
811 826 960 857 autem
978 823 1187 856 notatum
1203 807 1266 855 est
1293 813 1321 856 a
1349 806 1719 871 prudentioribus
1751 809 2095 870 Iurisconsultis,

421 882 447 910 *
472 894 563 924 non
580 877 707 939 plane
723 874 847 921 idern
860 872 945 920 esse
961 887 1142 936 tempus
1158 873 1434 919 memoriam
1449 870 1678 919 excedens
1695 887 1800 919 cum
1816 876 2095 932 centenario,

186 968 325 1013 fastm-
335 967 378 1002 d
425 957 680 1004 quanquam
698 938 805 1001 saepe
823 938 917 984 haec
935 953 1025 983 uon
1043 936 1180 1001 longe
1210 933 1378 982 abeunt
1399 951 1411 984 :
1440 935 1547 996 quia
1565 932 1591 961 *
1610 937 1868 982 communis
1895 937 2098 985 humanae

186 1017 296 1051 nudis
319 1036 351 1051 ...
425 1005 525 1052 vitae
558 1004 778 1050 terminus
808 999 909 1047 sunt
938 1000 1038 1046 anni
1052 1013 1256 1047 centum.
1295 997 1423 1061 quod
1441 998 1631 1060 spatium
1648 996 1796 1046 ferme
1810 997 1926 1045 solet
1942 1015 2097 1048 aetates

187 1089 400 1124 12v.xxx1v.
424 1068 680 1123 hominum,
700 1079 776 1111 aut
792 1063 817 1090 *
837 1063 955 1120 γνεόις
972 1077 1065 1110 tres
1080 1061 1285 1110 efficere:
1337 1078 1418 1109 uas
1436 1061 1670 1108 Antiocho
1688 1061 1888 1109 Romani
1906 1062 2097 1122 objicie-

420 1130 529 1178 bant
546 1146 651 1179 curn
671 1126 959 1176 ostenderent
974 1127 1115 1192 repeti
1127 1124 1183 1173 ab
1199 1141 1258 1173 eo
1273 1141 1328 1174 ur
1362 1140 1409 1172 es
1422 1140 1533 1188 quas
1548 1124 1657 1189 ipse,
1678 1141 1807 1191 pater
1824 1161 1835 1177 ,
1850 1142 1960 1175 avus
1977 1142 2098 1173 nun-

423 1210 560 1257 quam
577 1189 865 1255 usurpassent.

485 1256 527 1305 V
545 1257 565 1303 Ι
580 1256 601 1302 I
614 1255 650 1303 I.
684 1253 894 1315 Objiciat
913 1252 1089 1317 aliquis,
1107 1269 1211 1301 cum
1225 1251 1433 1300 homines
1453 1250 1497 1299 se
1513 1251 1679 1316 suaque
1693 1265 1846 1299 ament
1863 1290 1876 1308 ,
1908 1268 2001 1300 non
2015 1250 2101 1299 de-

422 1319 534 1367 bere
545 1335 628 1366 eos
638 1318 764 1367 credi
782 1316 911 1380 quod
930 1316 1055 1364 suum
1072 1317 1133 1364 est
1147 1315 1325 1376 jactare,
1343 1315 1605 1380 tic-proinde
1617 1315 1740 1363 astus
1756 1318 2013 1380 negativos,
2027 1331 2100 1362 et-

411 1386 518 1431 ‘iam
534 1399 640 1430 cum
661 1397 832 1446 magno
849 1381 1072 1444 temporis
1096 1379 1239 1445 spatio
1256 1417 1269 1437 ,
1299 1395 1391 1426 non
1410 1378 1611 1427 sufficere
1629 1379 1687 1426 ad
1707 1395 1807 1427 cam
1823 1395 1961 1441 quam
1978 1378 2101 1425 dixi-

424 1462 527 1493 mus
543 1445 869 1504 conjeeluram.
906 1442 1002 1490 Sed
1013 1446 1218 1508 cogitare
1234 1442 1405 1491 rursum
1426 1442 1647 1490 debemus
1664 1482 1676 1500 ‚
1695 1441 1811 1490 bene
1827 1441 2101 1505 sperandum

428 1510 490 1556 de
508 1508 768 1557 hominibus
785 1547 795 1565 ,
818 1524 869 1554 ac
880 1522 1127 1571 propterea
1142 1522 1231 1553 non
1248 1505 1497 1570 putandum
1515 1523 1597 1554 eos
1612 1507 1704 1553 hoc
1718 1506 1805 1553 esse
1824 1508 1979 1553 animo
2000 1544 2012 1562 ,
2048 1518 2102 1552 ut

429 1574 498 1620 rei
512 1572 689 1619 caducae
708 1569 836 1619 caula
860 1572 1099 1618 hominem
1118 1570 1312 1618 alterum
1331 1571 1470 1618 velint
1486 1572 1532 1617 in
1548 1585 1773 1633 perpetuo
1787 1584 1982 1634 peccato
1998 1584 2103 1615 ver-

187 1642 290 1693 siv‘f'
313 1647 368 1687 Ρη
429 1635 532 1692 sari,
547 1634 675 1699 quod
691 1636 849 1682 evitari
865 1634 973 1698 saepe
989 1650 1081 1681 non
1093 1636 1264 1697 poterit
1278 1634 1368 1681 fine
1384 1635 1462 1682 tali
1479 1633 1791 1680 derelictione.
1812 1634 1887 1682 De
1901 1632 2104 1695 imperiis

191 1690 303 1732 ⁰⁰⁰¹·
432 1715 548 1748 vero
566 1739 577 1757 ,
615 1715 867 1763 quanquam
892 1713 945 1744 ea
970 1700 1125 1762 magni
1141 1698 1239 1744 fieri
1265 1697 1408 1744 solent
1426 1736 1438 1754 ,
1468 1696 1580 1744 scire
1595 1696 1816 1745 debemus
1832 1711 1996 1760 magna
2013 1692 2104 1743 esse

432 1778 571 1809 onera
592 1802 602 1818 ,
636 1764 685 1808 &
702 1778 794 1825 quae
813 1777 904 1807 uon
917 1760 1033 1808 bene
1061 1761 1371 1808 administrata
1385 1761 1617 1807 hominem
1637 1760 1797 1808 divinae
1815 1761 1888 1806 irae
1911 1757 2104 1805 reddant

433 1823 689 1873 obnoxium
707 1841 718 1874 :
735 1841 786 1871 ac
801 1823 910 1871 ficut
925 1824 1091 1871 durum
1105 1824 1226 1882 effet,
1245 1826 1320 1886 qui
1340 1824 1382 1870 se
1396 1839 1574 1871 tutores
1589 1823 1807 1880 dicerent,
1831 1822 2002 1869 damno
2019 1837 2105 1885 pu-

432 1889 524 1950 pilli
553 1889 730 1954 litigare
749 1902 850 1934 uter
882 1888 942 1934 ad
974 1887 1165 1934 tutelam
1192 1889 1263 1947 jus
1292 1886 1458 1934 habeat
1476 1925 1487 1940 ,
1526 1901 1602 1933 aut
1620 1903 1708 1949 qua
1724 1885 2014 1934 similitudine
2043 1883 2104 1931 ad

194 1951 264 1987 Lib.
283 1959 317 1987 ¹·
431 1953 547 1998 hanc
563 1968 658 1999 rem
679 1950 812 1997 Plato
832 1953 988 2007 utitur,
1003 1964 1158 1997 nautas
1175 1951 1297 1998 navis
1314 1951 1518 2013 periculo
1535 1965 1710 1996 certare
1728 1951 1826 2013 quis
1842 1965 2003 1995 eorum
2020 1963 2106 2010 po-

434 2014 653 2062 tissimum
682 2012 957 2076 gubernaret
976 2052 987 2068 ,
1019 2015 1084 2059 ita
1112 2029 1205 2060 non
1235 2013 1406 2077 semper
1423 2011 1674 2059 l.1udandos
1709 2015 1783 2082 qui
1802 2029 1907 2058 cum
1927 2012 2102 2058 summa

433 2078 606 2138 jac‘kura
627 2118 637 2131 ,
654 2077 759 2140 saepe
776 2079 825 2122 &
838 2093 944 2124 cum
962 2076 1170 2140 sanguine
1188 2078 1437 2124 innocentis
1454 2077 1613 2139 populi
1630 2115 1642 2132 ‚
1664 2076 1911 2138 diiceptare
1923 2075 2105 2135 cupiant

432 2144 532 2201 quis
558 2142 654 2200 ejus
679 2140 836 2203 populi
866 2156 963 2186 rem
983 2140 1032 2186 fit
1050 2153 1302 2187 curaturus.
1340 2139 1573 2186 Laudatur
1589 2138 1645 2185 ab
1678 2141 1870 2201 antiquis
1890 2136 2105 2184 Antiochi

191 2218 259 2250 ml.
284 2216 383 2249 Max.
433 2205 607 2251 dictum
625 2205 699 2266 qui
719 2204 894 2265 populo
912 2202 1130 2248 Romano
1149 2204 1318 2267 gratias
1336 2205 1430 2266 egit
1448 2238 1456 2251 ,
1475 2201 1605 2264 quod
1621 2205 1645 2233 *
1667 2204 1799 2248 nimis
1817 2217 1979 2263 magna
1998 2216 2105 2260 pro-

194 2265 219 2299 1.
237 2272 318 2300 '‘¹⁸'’
335 2280 362 2302 ⁶·
381 2273 411 2300 ¹·
433 2269 666 2315 curatione
684 2265 898 2312 liberatus
916 2264 1113 2311 modicis
1135 2267 1339 2311 terminis
1357 2280 1580 2312 uteretur.
1614 2264 1736 2313 Inter
1753 2264 1898 2312 multa
1915 2268 1941 2312 a
1957 2263 2103 2311 Luca-

434 2347 496 2383 no
518 2331 741 2394 sapienter
758 2328 877 2376 dieta
893 2328 1003 2375 illud
1017 2343 1107 2373 non
1122 2328 1402 2390 postremum
1420 2328 1482 2374 est
1501 2344 1514 2376 :

1030 2407 1189 2437 tantone
1207 2411 1397 2437 novorum

608 2465 807 2503 Proventu
811 2457 997 2514 scelerum
1011 2470 1181 2517 quarunt
1197 2470 1283 2499 uter
1300 2463 1458 2513 imperet
1473 2453 1598 2501 urbi?

615 2527 690 2566 Vix
703 2524 808 2563 tanti
817 2523 954 2580 fuerat
972 2520 1104 2563 civilia
1121 2520 1216 2562 bella
1233 2536 1387 2562 movere

611 2594 659 2630 Vt
679 2598 826 2628 neuter.

433 2647 561 2692 Tum
577 2660 690 2691 vero
715 2645 904 2703 imperia
932 2644 1120 2690 tandem
1139 2641 1383 2705 aliquando
1401 2643 1441 2688 in
1459 2657 1590 2689 certo
1611 2642 1660 2689 δε
1691 2656 1817 2690 extra
1833 2659 2105 2692 controver-

434 2709 500 2755 siae
517 2708 660 2753 aleam
678 2707 905 2762 constitui,
925 2707 1127 2752 humanae
1147 2703 1376 2752 societatis
1389 2705 1569 2752 interest
1589 2726 1602 2762 3
1621 2723 1757 2768 quam
1776 2725 1867 2769 quae
1888 2708 2104 2764 adjuvant

434 2770 718 2829 conjecturae,
737 2769 1013 2816 favorabiles
1032 2766 1238 2832 putanda:
1258 2771 1369 2815 sunt.
1385 2767 1514 2815 Nam
1530 2769 1557 2815 fi
1579 2768 1740 2815 durum
1760 2773 1933 2828 putavit
1948 2775 1970 2801 *
1990 2771 2105 2816 Ara-

434 2848 506 2880 tus
534 2832 772 2893 Sicyonius
798 2835 1000 2896 privatas
1021 2833 1339 2894 quinquaginta
1371 2848 1591 2878 annorum
1611 2832 1895 2894 poffefliones
1934 2832 2106 2880 labefa-

434 2898 544 2942 Clari
563 2935 573 2952 ,
594 2901 922 2959 quantomagis
941 2894 1053 2942 illud
1073 2894 1255 2957 Augusti
1274 2894 1518 2941 tenendum
1535 2895 1596 2941 cst
1617 2934 1626 2952 ,
1649 2912 1751 2941 eum
1768 2898 1911 2943 virum
1928 2897 2104 2943 bonum

434 2977 485 3006 ac
504 2961 653 3006 civem
672 2958 758 3005 esse
773 2999 784 3015 ,
804 2962 881 3020 qui
898 2958 1159 3019 praesentem
1180 2958 1430 3016 reipublicae
1443 2958 1603 3005 statum
1621 2961 1782 3005 mutari
1802 2977 1891 3005 non
1911 2960 2006 3005 vult
2024 2997 2035 3013 ,
2055 2960 2105 3002 δε

433 3025 508 3084 qui
530 3061 540 3070 .
568 3039 618 3068 ut
637 3022 759 3081 apud
788 3021 1117 3082 Thucydidem
1139 3021 1398 3068 Alcibiades
1416 3022 1644 3084 loquitur,
1677 3021 1763 3080 ἕνης
1778 3018 1919 3071 ἑδέξωῖς
1936 3025 2057 3077 χῖμρι
2073 3019 2108 3060 ’θ

435 3085 616 3130 πυλῖἶὲιας
644 3085 734 3128 τιῖτο
748 3080 1018 3141 ξωυζλὶφπιῖζεσι.
1054 3083 1181 3146 quod
1210 3080 1285 3126 ‘rba'
1302 3086 1477 3138 παρὲυων
1496 3084 1677 3128 maligma
1696 3078 1973 3141 :algavvzx'stw
1986 3084 2105 3129 dixit

436 3148 657 3195 Isocrates
673 3148 884 3195 adversus
903 3147 1269 3194 Callimachum:
1288 3147 1396 3193 ficut
1420 3149 1471 3192 δε
1493 3146 1661 3195 Cicero
1684 3151 1893 3194 oratione
1907 3147 1963 3191 ad
1988 3147 2106 3206 Q·-

439 3213 546 3256 rites
563 3227 722 3258 contra
741 3212 926 3259 Rullum
944 3250 954 3267 ‚
974 3213 1057 3257 otii
1078 3214 1124 3256 δέ
1144 3209 1400 3257 concordia:
1416 3226 1610 3272 patrono
1628 3213 1874 3258 convenire
1892 3211 1954 3254 ait
1976 3247 1986 3263 ,
2022 3209 2106 3252 de-

202 3272 275 3308 t-zh.
288 3283 394 3313 xxxv.
440 3272 623 3319 fendere
656 3275 817 3322 statum
837 3274 1088 3336 reipublicae
1106 3275 1180 3337 qui
1202 3289 1389 3336 quoquo
1407 3287 1617 3336 tempore
1635 3275 1683 3320 fit
1701 3291 1712 3323 :
1733 3277 1781 3320 &
1813 3273 1966 3318 Livius
1984 3271 2107 3332 opti-

440 3352 564 3385 unun
578 3353 801 3402 quemque
816 3337 1018 3404 praesenti
1033 3337 1147 3389 statu
1162 3336 1380 3403 gaudere.
1416 3337 1561 3402 Qod
1577 3338 1609 3389 fi
1631 3339 1770 3386 ctiam
1787 3335 2032 3383 deficerent
2046 3347 2101 3378 ea

2006 3411 2103 3459 quae
