2380 3917
113 568 190 612 Leff.
202 568 256 601 lib.
271 574 284 600 i
297 573 327 599 ῐ,

113 630 142 651 c.
152 614 324 651 10.dub.6·

122 933 200 979 Leff.
215 932 292 966 lib-1
306 940 316 966 1
330 957 340 966 .

123 995 151 1015 e,
172 992 223 1014 10-
240 978 317 1012 dub.

126 1039 158 1064 2-
185 1030 224 1059 <J
255 1034 286 1068 3.

122 1075 173 1110 lb.
190 1084 259 1118 cap.
279 1080 338 1107 12.

123 1122 199 1154 dub.
223 1130 274 1154 17.

124 1168 258 1211 Leffilib.
280 1174 287 1196 ι
306 1176 335 1201 ι.

122 1213 337 1257 C.33.dub.8.

120 1264 231 1294 savar.
244 1273 271 1293 c.

122 1318 299 1355 peccatum.

121 1365 157 1400 p.
175 1365 209 1389 2.

122 1437 237 1468 (ovar.
262 1446 291 1468 c.

119 1490 297 1526 peccatum.

122 1540 157 1574 p·
173 1537 206 1564 2.
225 1530 238 1557 ⁵
255 1537 291 1572 3.

123 1586 142 1614 5
159 1583 190 1619 5.

123 1691 266 1736 tefftib.
287 1699 340 1726 ιτ.

122 1749 215 1785 c.i7.
230 1739 346 1776 dub.6·

135 2111 298 2157 Deoffit-Jis

132 2169 146 2195 1
159 2169 170 2194 ι
184 2171 212 2194 ι.
228 2158 301 2193 Bott.

127 2207 205 2240 Itb.v
222 2208 258 2239 de
272 2215 334 2253 rep.

130 2264 200 2298 cap.
217 2252 252 2290 6.

137 2792 221 2828 Plut-

349 299 425 338 292
736 290 1615 335 nn1vnsnssttt

349 355 687 404 aestimationem
703 354 801 414 ejus
819 392 830 409 ‚
849 352 1084 416 quodiam
1102 356 1179 416 qui
1197 356 1430 403 mutilatus
1445 356 1506 403 est
1521 358 1670 404 minus
1685 358 1857 419 poterit
1870 353 2020 407 lucra-

349 423 403 468 ri.
440 418 529 465 Sed
545 417 651 464 sicut
669 401 732 463 ibi
752 418 851 463 vitae
867 454 879 473 ,
894 418 958 463 ita
972 418 1022 463 &
1035 417 1111 462 hic
1129 419 1348 464 cicatricis
1365 419 1409 464 in
1422 418 1570 465 libero
1587 419 1775 466 homine
1788 420 2019 470 aestimatio

352 501 444 531 non
460 482 523 528 fit.
538 480 596 526 de
612 478 896 539 conjectione
911 481 955 525 in
975 494 1207 526 carcerem
1224 479 1350 525 idem
1368 480 1635 528 dicendum.

416 545 467 593 X
479 545 517 591 V
528 578 542 591 .
555 543 629 590 Sic
644 543 822 590 adulter
833 544 882 588 &
895 542 1099 589 adultera
1113 556 1322 588 tenentur
1337 557 1429 587 non
1448 547 1620 590 tantum
1638 544 1899 592 indemnem
1911 560 2023 609 prae-

355 609 468 656 stare
483 609 696 654 maritum
714 606 771 652 ab
790 605 950 651 alenda
967 604 1097 668 prole
1111 642 1124 658 ‚
1143 604 1221 650 sed
1242 606 1290 649 δέ
1307 604 1686 665 legitimislibetis
1701 610 1946 670 rependere
1988 610 2020 658 fi

355 669 482 734 quod
496 670 712 715 damnum
732 670 957 730 patiuntur
970 682 1028 714 ex
1040 666 1258 714 concursu
1276 669 1338 713 ita
1354 665 1557 730 susceptae
1574 668 1744 716 sobolis
1758 669 1817 716 ad
1831 670 2022 718 haeredi-

358 749 512 781 tatem.
550 733 641 785 Qui
657 732 881 792 virginem
894 731 1119 776 imminuit
1134 731 1196 786 vi,
1217 745 1295 777 aut
1311 728 1473 776 fraude
1491 768 1502 785 ‚
1519 745 1699 777 tenetur
1713 733 1754 778 ei
1771 733 2022 793 rependere

359 796 510 860 quanti
529 795 715 841 minoris
733 790 811 855 ipsi
830 793 952 840 valet
984 792 1080 863 spes
1110 795 1365 856 nuptiarum
1385 809 1396 840 :
1423 793 1520 861 imo
1537 794 1586 839 &
1611 793 1778 840 ducere
1796 797 2022 845 teneturfi

358 874 410 905 ea
422 856 717 918 promissione
729 857 940 918 corporis
955 858 1132 902 usuram
1145 857 1474 918 impetraverit.

423 921 473 968 X
489 920 529 968 V
550 919 585 966 1.
619 918 707 967 Fur
724 921 774 964 &
791 933 949 981 raptor
964 931 1170 965 tenentur
1189 934 1287 965 rem
1306 916 1575 965 subtrachm
1606 918 1800 967 reddere
1817 936 1920 968 cum
1940 921 2023 969 suo

358 987 638 1030 incremento
657 981 848 1028 naturali
867 1017 878 1033 ‚
896 983 945 1027 &
956 997 1062 1027 cum
1078 979 1285 1043 sequente
1298 980 1469 1027 damno
1483 996 1558 1028 aut
1572 982 1760 1029 ceffimte
1780 983 1908 1030 lucro
1926 1001 1937 1032 :
1973 986 2025 1032 86

359 1047 386 1094 fi
408 1063 475 1094 res
494 1046 675 1109 perierit
693 1084 704 1101 ,
724 1043 1061 1090 aestimationem
1081 1060 1172 1090 non
1186 1043 1409 1090 summam
1427 1082 1438 1100 ‚
1461 1059 1553 1090 non
1569 1045 1772 1092 infimam
1788 1084 1799 1103 ,
1835 1046 1910 1093 sed
1925 1063 2028 1094 me-

362 1111 500 1156 diam.
537 1109 589 1155 In
607 1109 690 1155 hac
707 1105 836 1153 classe
853 1107 1051 1170 ponendi
1070 1106 1196 1153 &illi
1214 1109 1290 1169 qui
1304 1108 1507 1170 legitima
1537 1108 1773 1169 vestigalia
1793 1110 2024 1157 fraudant.

364 1173 583 1219 Similiter
601 1185 809 1217 tenentur
825 1172 901 1232 qui
914 1168 1084 1229 judicio
1102 1169 1262 1230 injusto
1283 1209 1295 1228 ‚
1313 1168 1596 1217 accusatione
1610 1171 1769 1231 injusta
1786 1212 1798 1230 ,
1818 1172 2026 1220 testimo-

362 1238 439 1283 nio
456 1234 619 1294 injusto
639 1233 855 1280 damnum
871 1232 1113 1281 dederunt.

427 1297 476 1345 X
491 1297 531 1345 V
546 1298 566 1344 1
580 1296 614 1343 Ι.
651 1295 741 1343 Sed
762 1297 810 1341 δε
833 1298 909 1357 qui
926 1297 1176 1343 contratstui
1203 1310 1281 1343 aut
1296 1295 1578 1360 promissioni
1595 1296 1771 1344 causam
1789 1298 1920 1347 dedit
1935 1298 2027 1346 do-

363 1365 428 1418 lo,
448 1361 494 1408 vi
513 1374 588 1406 aut
605 1374 729 1406 metu
747 1359 909 1418 injusto
929 1397 940 1415 ‚
966 1373 1143 1406 tenetur
1159 1374 1264 1406 eum
1282 1361 1465 1421 quicum
1492 1359 1640 1406 actum
1656 1360 1775 1407 estin
1791 1363 2027 1426 integrum

367 1424 609 1479 restituere,
628 1423 734 1484 quia
746 1421 821 1468 ille
833 1422 905 1481 jus
914 1421 1075 1469 habuit
1090 1460 1101 1478 ‚
1123 1437 1222 1469 tum
1239 1437 1297 1468 ne
1312 1422 1597 1484 deciperetur
1615 1437 1746 1482 5tum
1762 1440 1819 1472 ne
1835 1441 2028 1491 cogere-

367 1503 459 1545 tur3
472 1485 581 1532 illud
594 1502 650 1531 ex
667 1500 821 1531 natura
832 1486 1090 1530 contractus
1104 1519 1113 1533 ,
1134 1486 1225 1532 hoc
1242 1501 1299 1530 ex
1316 1485 1507 1532 naturali
1525 1487 1663 1532 etiam
1678 1484 1903 1535 libertate.
1939 1487 2028 1536 His

364 1546 682 1599 annumerandi
709 1547 803 1594 sunt
820 1549 896 1612 qui
927 1547 976 1594 id
1009 1546 1137 1609 quod
1154 1564 1213 1595 ex
1228 1546 1386 1595 officio
1413 1547 1566 1595 facere
1581 1549 1850 1599 tenebantur
1876 1550 2031 1600 facere

365 1613 616 1667 noluerunt,
636 1608 709 1656 nili
729 1612 914 1673 pecunia
929 1623 1128 1672 accepta.

430 1674 479 1722 X
492 1673 651 1721 VIII.
684 1674 746 1719 At
763 1675 837 1735 qui
854 1672 1028 1720 causam
1047 1672 1177 1719 dedit
1195 1687 1277 1719 cur
1298 1672 1390 1718 vim
1418 1675 1513 1736 pati
1532 1713 1545 1731 ,
1575 1687 1653 1722 aut
1668 1690 1796 1723 metu
1822 1677 1930 1741 cogi
1946 1673 2030 1722 de-

365 1737 485 1793 beat,
505 1738 639 1784 habet
657 1736 783 1798 quod
796 1735 873 1781 fibi
885 1738 1092 1798 imputet.
1111 1751 1215 1781 nam
1233 1735 1587 1785 involuntarium
1604 1753 1663 1785 ex
1680 1739 1940 1787 voluntario
1955 1754 2031 1786 or-

364 1815 462 1848 tum
475 1799 640 1846 habens
651 1798 885 1845 moraliter
900 1815 986 1860 pro
1005 1799 1264 1844 voluntario
1278 1798 1487 1845 habetur.

426 1862 476 1909 X
490 1861 580 1908 IX.
605 1861 664 1908 At
681 1863 883 1923 gentium
901 1860 1115 1907 consensu
1134 1861 1242 1907 ficut
1258 1862 1571 1908 introductum
1583 1862 1660 1919 est,
1672 1878 1724 1911 ut
1739 1862 1858 1911 bella
1875 1865 2031 1912 omnia

365 1926 545 1973 summae
561 1925 794 1987 potestatis
811 1924 1082 1971 austeritate
1094 1925 1304 1985 utrinque
1322 1924 1443 1987 gesta
1454 1923 1691 1982 &indista‚
1707 1942 1792 1990 pro
1808 1927 1930 1986 justis
1947 1927 2031 1974 ha-

365 1988 733 2050 beantur,quoad
750 1985 931 2033 effeetus
949 2001 1276 2048 externos,qua
1291 1986 1352 2032 de
1368 2002 1417 2032 re
1436 1985 1553 2033 infra
1568 1986 1858 2045 dicemus,ita
1875 1993 1924 2036 &
1939 1992 2031 2038 hoc

366 2066 417 2097 ut
437 2050 538 2096 talis
554 2048 658 2096 belli
675 2065 822 2097 metus
836 2049 1046 2096 haCtenus
1063 2064 1149 2110 pro
1164 2048 1285 2108 justo
1306 2049 1525 2096 habeatur
1539 2088 1551 2105 ‚
1571 2065 1625 2095 ne
1642 2051 1769 2113 quod
1789 2054 1850 2099 ita
1867 2051 2031 2099 obten-

365 2128 464 2161 tum
478 2112 539 2159 est
557 2114 694 2175 repeti
706 2112 864 2175 poffit.
893 2112 1041 2174 Atque
1058 2112 1147 2157 hoc
1165 2109 1286 2157 sensu
1299 2112 1479 2158 admitti
1497 2113 1873 2175 potestdistinstio
1893 2114 2032 2162 Cice-

369 2178 507 2226 ronis,
523 2177 640 2221 inter
655 2176 830 2222 hostem
852 2211 863 2230 ,
881 2176 958 2236 qui
976 2189 1082 2220 cum
1102 2173 1242 2220 multa
1260 2176 1356 2231 jura
1377 2174 1595 2222 habemus
1613 2213 1624 2231 ‚
1643 2192 1694 2223 ut
1708 2180 1771 2225 ait
1791 2216 1801 2233 ,
1820 2194 2033 2225 commu-

367 2241 441 2286 nia
461 2277 472 2291 ,
493 2253 551 2285 ex
567 2240 773 2300 gentium
787 2237 1002 2283 consensu
1017 2235 1182 2282 scilicet
1201 2276 1212 2289 ,
1232 2238 1280 2282 &
1293 2239 1460 2300 piratas
1477 2253 1528 2283 ac
1541 2238 1755 2286 latrones.
1790 2240 1920 2288 Nam
1938 2241 1983 2287 hi
2001 2240 2034 2287 si

365 2300 478 2364 quid
496 2316 620 2347 metu
650 2298 957 2366 expresserunt
971 2301 1113 2361 repeti
1131 2298 1279 2362 potest
1299 2299 1372 2345 nisi
1386 2301 1693 2360 jusjurandum
1711 2304 2033 2352 intercesserit:

401 2363 497 2410 uod
527 2364 590 2409 illi
610 2402 622 2420 ‚
653 2380 744 2410 non
773 2365 904 2409 item.
942 2365 1097 2424 Qare
1127 2361 1255 2424 quod
1289 2361 1485 2424 Polybio
1516 2364 1695 2411 videtur
1723 2367 1884 2426 justam
1902 2367 2034 2414 fuisse

367 2381 814 2490 {arthaginiensibus
829 2422 1007 2472 causam
1023 2423 1129 2470 belli
1148 2423 1303 2470 Punici
1323 2424 1514 2477 secundi,
1530 2429 1658 2489 quod,
1675 2429 1874 2476 Romani
1888 2430 1944 2476 ab
1962 2431 2034 2492 ip-

368 2489 422 2537 fis
439 2490 824 2536 mercenariorum
842 2487 1063 2534 seditione
1087 2488 1320 2547 occupatis
1346 2487 1467 2535 bello
1489 2489 1754 2539 denuntiato
1779 2490 2032 2540 Sardiniam

366 2551 551 2600 insulam
567 2554 614 2598 δε
634 2552 870 2615 pecuniam
884 2549 1202 2614 expressissent,
1218 2548 1354 2598 habet
1368 2553 1582 2600 naturalis
1593 2556 1814 2617 aequitatis
1827 2555 2032 2619 aliquam

368 2614 578 2678 speciem,
600 2613 674 2661 sed
692 2619 716 2660 a
735 2615 834 2675 jure
845 2614 1050 2677 gentium
1064 2610 1174 2667 abit,
1189 2629 1237 2658 ut
1254 2613 1358 2660 alibi
1374 2616 1685 2678 explicabitur.

435 2676 565 2723 XX.
601 2679 669 2724 Ex
686 2677 890 2739 negleCm
908 2689 1118 2722 tenentur
1129 2691 1257 2739 reges
1275 2691 1326 2721 ac
1345 2679 1642 2742 magistratus,
1657 2683 1732 2742 qui
1751 2682 1811 2729 ad
1828 2682 2032 2730 inhiben-

371 2740 431 2785 da
447 2739 682 2787 latrocinia
715 2742 764 2786 ἃς
795 2740 1034 2801 piraticam
1054 2754 1145 2784 non
1172 2738 1391 2786 adhibent
1423 2757 1474 2788 ea
1492 2758 1586 2804 quae
1602 2744 1776 2804 possunt
1794 2760 1846 2791 ac
1861 2746 2034 2793 debent

372 2801 604 2850 remedia:
636 2820 728 2865 quo
748 2804 931 2848 nornine
964 2800 1165 2847 damnati
1198 2801 1310 2848 olim
1343 2802 1399 2849 ab
1425 2803 1830 2868 Amphictyonibus
1863 2808 2032 2870 Scyrii.

374 2865 625 2927 Qaesiturn
641 2867 828 2912 memini
847 2880 904 2911 ex
921 2862 1041 2909 {atsto
1060 2901 1072 2920 ‚
1089 2879 1192 2910 cum
1211 2866 1363 2925 patriae
1378 2865 1532 2914 nostrae
1549 2868 1746 2916 re&ores
1761 2871 2029 2931 potestatem

370 2927 624 2990 praedarum
642 2930 686 2975 in
715 2929 830 2975 mari
847 2944 906 2974 ex
930 2926 1057 2973 hoste
1074 2927 1350 2989 agendarum
1368 2943 1448 2991 per
1468 2931 1703 2979 codicillos
1729 2933 1935 2994 plurimis
1950 2933 2033 2980 de-

372 2989 534 3036 dissent
548 3029 560 3046 ,
580 2992 628 3036 &
646 3007 809 3037 eorum
826 2989 1027 3036 nonnulli
1042 3004 1112 3036 res
1125 2991 1378 3037 amicorum
1397 2994 1628 3053 rapuissent
1643 3033 1654 3049 ,
1674 2994 1939 3059 desertaque
1953 3011 2033 3060 pa-

372 3054 459 3098 tria
473 3055 586 3099 mari
604 3067 891 3119 vagarentur,
907 3068 959 3098 ac
975 3066 1030 3097 ne
1047 3055 1253 3099 revocati
1269 3053 1454 3115 quidem
1472 3056 1744 3112 redirent‚an
1756 3057 1955 3105 restores
1970 3073 2032 3104 eo

373 3116 560 3161 nomine
578 3130 840 3162 tenerentur
863 3153 875 3172 ,
898 3128 973 3160 aut
1003 3114 1128 3176 quod
1145 3116 1372 3163 malorum
1391 3117 1627 3166 hominum
1646 3121 1705 3167 usi
1723 3120 1859 3167 essent
1873 3136 2030 3182 opera,

374 3191 451 3223 aut
468 3178 595 3237 quod
613 3180 871 3225 cautionem
891 3193 979 3223 non
994 3177 1249 3241 exegissent.
1269 3180 1379 3226 Dixi
1397 3196 1478 3228 eos
1493 3183 1537 3227 in
1555 3184 1664 3229 nihil
1681 3183 1872 3245 amplius
1887 3183 2031 3229 teneri

374 3255 510 3299 quam
528 3256 578 3285 ut
592 3243 772 3295 noxios,
793 3240 822 3287 si
843 3240 1027 3301 reperiri
1047 3239 1236 3302 possent,
1255 3244 1464 3304 punirent
1477 3259 1554 3291 aut
1568 3245 1804 3292 dederent:
1818 3260 2032 3304 praeterea

377 3301 422 3346 in
437 3300 558 3349 bona
565 3318 801 3367 raptorum
819 3304 889 3365 jus
904 3301 1037 3351 reddi
1054 3319 1281 3355 curarent.
1294 3305 1419 3355 Nam
1438 3305 1557 3369 ipsos
1567 3307 1731 3369 injustae
1747 3306 2033 3416 Ρῐεεᾰειῑιὶἓῃὶε

1851 3384 1906 3416 Ca
1953 3384 2030 3418 am
