2475 3854
655 250 1656 297 ACPACIS,LIB.111.
1914 260 1983 302 501

321 318 447 369 hoste
463 316 675 368 venditus
688 322 988 377 commerciO,
1008 334 1060 367 ut
1075 320 1139 376 fit,
1160 320 1220 366 ad
1234 320 1335 368 suos
1352 322 1627 382 pervenerit?
1638 319 1880 368 Tractatur
1894 321 1985 368 haec

320 381 630 431 controversia
645 384 670 412 *
688 381 809 445 apud
825 381 1042 430 Senecam
1059 383 1101 427 in
1119 382 1350 444 Olynthio
1368 399 1504 445 quem
1519 382 1772 431 Parrhafius
1790 398 1980 430 emerat.

322 446 496 508 Qaerit
512 445 632 492 enim
647 460 751 491 cum
767 444 1000 493 decretum
1018 443 1188 493 factum
1205 445 1311 492 effer
1331 443 1388 492 ab
1403 444 1741 491 Atheniensibus
1758 484 1770 502 ‚
1800 462 1891 509 quo
1907 446 1982 493 O-

318 509 467 556 linthii
480 505 741 568 juberentur
753 506 882 555 liberi
896 508 997 566 effe,
1013 509 1102 555 hoc
1118 510 1425 555 contineretur
1441 507 1571 554 liberi
1592 522 1641 553 ut
1658 507 1813 554 fierent
1828 547 1840 565 ‚
1859 525 1913 556 an
1931 522 1981 556 ut

320 569 452 617 liberi
469 568 789 631 judicarentur,
805 587 999 635 quorum
1017 573 1108 618 hoc
1124 571 1185 617 est
1203 573 1367 618 verius.

386 631 430 680 V
446 631 484 679 Ι.
517 631 656 678 Liber
673 646 823 680 autem
838 634 997 691 homo,
1015 633 1250 697 postquam
1271 632 1329 679 ad
1345 632 1446 680 suos
1464 634 1613 687 rediit,
1634 648 1723 679 non
1742 632 1786 677 se
1802 646 1977 679 tantum

322 694 404 743 fibi
415 695 606 757 acquirit
622 733 633 752 ,
646 693 722 741 sed
739 697 788 742 &
806 712 875 744 res
891 712 1050 744 omnes
1064 712 1173 758 quas
1191 696 1412 742 habuerat
1430 695 1548 757 apud
1569 696 1759 758 populos
1776 711 1976 758 pacatos,

324 757 415 806 fiue
427 757 692 820 corporales
706 796 718 813 ,
736 758 823 805 sive
842 761 1150 823 incorporales
1170 793 1181 804 .
1211 760 1329 822 Qa
1347 758 1500 820 populi
1521 759 1667 819 pacati
1685 758 1793 805 ficut
1809 756 1976 804 faetmn

325 836 413 884 pro
428 822 527 882 jure
554 819 691 866 secuti
708 835 832 868 erant
850 824 896 868 in
914 836 1050 885 capto
1069 860 1080 877 ‚
1113 822 1175 866 ita
1190 823 1237 866 &
1254 824 1299 867 in
1314 822 1507 867 liberato
1526 857 1537 875 ‚
1572 836 1622 866 ut
1638 820 1681 866 se
1698 836 1844 883 aequos
1866 836 1977 882 prat-

326 887 463 931 beant
478 883 656 945 utrique
671 884 928 947 parti.Ergo
943 885 1198 932 dominium
1211 883 1334 945 quod
1349 881 1616 929 habueratin
1634 899 1703 929 res
1719 887 1813 943 ejus
1828 884 1878 937 is,
1899 883 1975 944 qui

324 945 436 993 belli
451 946 551 1006 jure
573 960 680 991 eum
698 945 976 1008 possidebat,
1011 963 1103 994 non
1119 960 1214 991 erat
1246 946 1332 991 fine
1349 947 1473 991 omni
1492 945 1781 992 conditione:
1815 943 1977 991 cessare

324 1010 448 1056 enim
464 1021 644 1071 poterat
656 1009 753 1070 ipso
770 1010 930 1069 invito,
944 1011 974 1058 fi
987 1024 1141 1072 captus
1158 1009 1231 1069 qui
1248 1007 1393 1054 fuerat
1411 1007 1469 1053 ad
1486 1006 1587 1053 suos
1600 1005 1976 1070 pervenisset-Has

324 1087 440 1137 ergo
473 1087 545 1118 res
575 1070 634 1117 fic
661 1071 736 1117 ille
765 1072 915 1134 perdit
932 1108 943 1123 ‚
978 1071 1223 1135 quomodo
1240 1071 1474 1119 hominem
1491 1071 1615 1129 cujus
1628 1086 1752 1116 erant
1769 1068 1977 1116 accessio.

325 1133 455 1198 Qd
470 1135 501 1181 fi
524 1146 678 1180 tamen
697 1134 946 1182 alienasset?
971 1152 1025 1182 an
1043 1135 1119 1198 qui
1137 1132 1319 1179 titulum
1346 1132 1483 1179 habet
1501 1132 1557 1178 ab
1575 1147 1632 1177 eo
1661 1135 1736 1194 qui
1755 1132 1859 1177 belli
1877 1134 1975 1191 jure

322 1212 385 1244 eo
398 1211 606 1260 tempore
621 1211 717 1244 erat
730 1197 957 1254 dominus,
973 1211 1095 1244 tutus
1109 1197 1195 1243 erit
1206 1197 1407 1257 gentium
1424 1196 1535 1256 jure,
1556 1210 1608 1240 an
1627 1197 1672 1240 δὲ
1691 1196 1779 1241 haec
1796 1209 1978 1302 recuffe-

322 1258 545 1310 rabuntur
560 1257 583 1304 ?
610 1258 686 1305 De
703 1260 771 1307 his
798 1259 967 1323 loquor
991 1276 1087 1322 quae
1114 1259 1232 1320 apud
1249 1259 1468 1319 populum
1485 1254 1590 1303 belli
1619 1258 1818 1303 medium
1835 1272 1889 1302 ex
1929 1273 1977 1303 a-

323 1320 832 1386 bantDistinguendum
848 1324 1030 1372 videtur
1045 1324 1158 1368 inter
1175 1336 1245 1366 res
1260 1337 1353 1382 quae
1370 1322 1465 1380 ejus
1484 1318 1580 1365 sunt
1599 1321 1773 1383 generis
1790 1335 1839 1365 ut
1857 1318 1977 1381 post-

323 1385 501 1435 liminio
515 1383 769 1441 redeant,&
787 1402 880 1448 quae
894 1399 1022 1433 extra
1037 1384 1084 1431 id
1097 1399 1237 1449 genus
1256 1381 1495 1446 sunt,quod
1506 1380 1740 1428 discrimen
1758 1384 1850 1443 jam
1866 1396 1980 1428 mox

324 1446 654 1511 explicabimus
669 1483 681 1498 ‚
702 1462 750 1495 ut
764 1449 839 1496 illa
857 1449 1092 1496 videantur
1109 1446 1298 1493 alienata
1314 1462 1416 1492 cum
1435 1443 1509 1491 sua
1523 1443 1647 1490 causa
1662 1446 1708 1489 &
1728 1443 1802 1490 sub
1817 1442 1978 1489 condi-

324 1515 454 1560 tione
471 1525 484 1558 :
502 1508 582 1556 ista
597 1525 710 1556 vero
727 1510 1000 1575 simpliciter.
1034 1509 1238 1558 Alienata
1248 1522 1398 1556 autem
1408 1505 1614 1570 intelligo
1629 1507 1766 1553 etiam
1783 1523 1874 1570 quae
1888 1505 1978 1551 do-

324 1587 429 1623 nata
448 1586 527 1619 aut
544 1588 648 1619 acce
682 1573 810 1621 tilata
828 1574 942 1622 sunt.
1884 1630 1894 1637 ο

390 1635 433 1683 V
450 1634 525 1681 ΙΙ.
559 1635 620 1682 At
636 1590 744 1683 licut
759 1635 817 1684 ad.
830 1635 1108 1701 postliminio
1123 1632 1388 1680 redeuntem
1411 1633 1509 1694 jura
1530 1630 1732 1686 redeunt,
1753 1632 1812 1676 ira
1824 1631 1871 1675 δε
1882 1644 1977 1688 jura
1998 1634 2069 1666 L-in
2078 1631 2205 1673 bello-f.

323 1699 372 1746 in
403 1696 547 1762 ipsum
563 1697 864 1756 restituuntur,
885 1716 936 1747 ac
953 1713 1038 1762 pro
1055 1713 1113 1744 eo
1132 1696 1349 1743 habentur
1365 1709 1413 1741 ut
1430 1695 1757 1757 Tryphoninus
1781 1693 1978 1755 loquitur
1996 1680 2171 1760 §2222ss

324 1777 380 1810 ac
398 1760 427 1808 fi
444 1776 669 1823 nunquam
686 1760 761 1808 ille
774 1762 968 1810 hostium
989 1761 1163 1824 potitus
1176 1758 1339 1806 fuiffet.
1998 1774 2039 1807 ae
2052 1782 2136 1820 cape.
2176 1753 2189 1764 ‘

389 1821 436 1873 V
453 1822 510 1870 II
528 1824 562 1870 1.
596 1823 721 1871 Huic
753 1827 913 1888 regulae
934 1825 995 1872 de
1034 1823 1186 1870 liberis
1224 1821 1484 1869 hominibus
1514 1820 1832 1881 exceptionem
1866 1816 1982 1862 hanc

325 1885 449 1938 reste
465 1885 660 1934 afferibit
687 1886 849 1936 Paulus
867 1905 879 1939 ζ
899 1891 1128 1945 Postliminio
1157 1903 1285 1932 carent
1329 1891 1369 1929 ui
1384 1890 1503 1931 armis
1516 1891 1611 1930 vieli
1627 1885 1840 1940 hoslv'bmsk
1864 1881 1980 1924 dede-
1997 1883 2182 1938 &postlimi-

325 1966 420 1998 rant
434 1987 447 2007 ‚
482 1950 695 1996 nimirum
725 1952 829 2012 quia
845 1950 1076 2012 pastiones
1099 1963 1204 1994 cum
1232 1906 1432 1994 holqtibus
1447 1944 1574 1991 faelae
1590 1945 1740 1992 valent
1763 1945 1857 1998 jure
1871 1957 1979 2005 gen·
1999 1937 2201 2021 Υὲᾆζῇζή,

327 2013 445 2060 tium
461 2024 511 2056 ut
528 2011 633 2059 alibi
652 2011 853 2060 dicemus
869 2050 880 2064 ‚
895 2029 978 2060 nec
999 2010 1211 2058 adversus
1227 2026 1302 2057 eas
1315 2010 1376 2056 est
1391 2008 1720 2072 postliminium.
1756 2004 1867 2051 Ideo
1887 2004 1978 2050 Ro·
1998 2018 2090 2056 mam·
2105 2032 2140 2064 ς,
2157 2031 2208 2060 i„

328 2074 451 2123 mani
464 2072 530 2121 illi
546 2077 573 2120 ὲ
593 2073 740 2121 Poe-nis
756 2077 876 2138 capti
899 2073 1015 2140 apud
1032 2072 1231 2120 Gellium
1252 2090 1263 2119 ε
1278 2077 1552 2134 poffliminium
1564 2075 1709 2132 justum
1728 2087 1802 2113 non
1818 2072 1881 2127 effe
1887 2068 1975 2126 fibi,
1998 2070 2101 2105 ducias·
2118 2073 2209 2105 DAe

329 2142 515 2202 quoniam
530 2139 679 2196 dejurio
707 2143 831 2183 vinc‘fbi
845 2145 983 2196 forent.
1019 2134 1155 2183 Vnde
1172 2136 1220 2181 δέ
1243 2134 1526 2181 induciarum
1549 2144 1756 2193 tempore
1780 2144 1867 2174 non
1898 2127 1981 2173 effe
1997 2126 2158 2210 {⁶²12qu
2172 2162 2208 2200 d.

329 2196 651 2261 postliminium
670 2197 787 2245 recte
799 2204 826 2246 ἐι
838 2196 982 2247 ‘Paulo
999 2212 1206 2245 notatum
1221 2197 1302 2244 est.
1327 2198 1386 2244 At
1401 2198 1485 2243 hos
1502 2197 1578 2255 qui
1594 2189 1792 2259 hostibus
1806 2189 1979 2234 dedun-
1995 2210 2051 2247 m,

329 2275 406 2372 aar
419 2259 506 2307 fine
530 2260 622 2308 ulla
637 2258 802 2309 scilicet
816 2262 1023 2324 paffione
1041 2298 1051 2316 ,
1084 2259 1363 2322 postliminio
1379 2259 1546 2307 reverti
1567 2251 1790 2317 respondit
1805 2249 1980 2296 Mode-

368 2338 482 2369 inus.

397 2383 490 2431 IX.
525 2383 669 2445 Qod
685 2381 744 2429 de
759 2381 943 2446 lingulis
970 2384 1170 2447 personis
1193 2383 1390 2431 diximus
1415 2380 1537 2427 idem
1561 2381 1608 2425 &
1638 2372 1875 2446 inpopulis
1906 2373 1976 2417 lo-

330 2462 438 2493 cum
453 2444 618 2492 habere
644 2444 839 2492 arbitror
858 2483 869 2502 ,
896 2460 945 2492 ut
971 2449 1046 2509 qui
1063 2447 1191 2494 liberi
1214 2445 1394 2493 fuerunt
1412 2443 1438 2489 s
1431 2460 1530 2489 uam
1558 2442 1641 2486 reci
1646 2451 1771 2504 piant·
1792 2434 1976 2480 liberta-

331 2508 477 2564 tem‚fi
495 2507 622 2554 forre
638 2523 718 2554 eos
736 2509 801 2554 vis
819 2506 1044 2555 sociorum
1054 2512 1226 2556 eximat
1245 2506 1386 2554 hostili
1405 2504 1609 2571 imperio.
1645 2498 1744 2546 Atfi
1762 2495 1851 2557 ipsa
1864 2495 1974 2541 mul-

331 2570 601 2633 titudo‚quae
617 2571 847 2617 civitatem
860 2571 1161 2627 constituerat,
1180 2569 1390 2617 diffoluta
1405 2567 1619 2623 sit‚vet1us
1635 2574 1747 2624 puto
1755 2573 1851 2627 ‘non
1864 2573 1975 2628 eun-

332 2632 441 2680 dem
458 2632 678 2696 populum
689 2631 868 2681 censeri,
885 2647 966 2678 nec
982 2633 1255 2695 postliminio
1272 2647 1341 2679 res
1356 2628 1516 2677 restitui
1532 2623 1626 2694 ipso
1644 2635 1842 2691 gentium
1861 2633 1972 2679 jure,

332 2696 439 2757 quia
451 2695 643 2758 populus
661 2732 672 2750 ‚
700 2708 750 2740 ut
767 2694 908 2749 navis,
927 2697 1120 2756 partium
1133 2694 1416 2741 dissolutione
1434 2689 1558 2753 plane
1568 2697 1724 2753 interit
1743 2721 1754 2734 ,
1775 2697 1831 2727 eo
1849 2680 1975 2743 quod

333 2771 438 2804 tota
466 2759 560 2816 ejus
585 2770 743 2802 natura
758 2756 801 2801 in
817 2755 892 2802 illa
909 2772 1124 2820 perpetua
1150 2755 1461 2814 conjunCtione
1489 2747 1691 2816 confispt.
1729 2743 1843 2791 Non
1861 2758 1974 2811 ergo

333 2835 432 2882 quae
466 2817 611 2864 fuerat
628 2816 814 2880 Sagunti
828 2819 985 2866 civitas
1008 2819 1167 2865 eadem
1185 2817 1350 2864 exstitit
1366 2830 1467 2862 cum
1484 2807 1707 2858 vetenbus
1725 2805 1975 2877 cultoribus

333 2896 387 2927 ea
404 2879 528 2926 ledes
539 2878 704 2925 odlavo
718 2878 816 2941 post
833 2895 952 2926 anno
969 2882 1169 2928 restituta
1184 2881 1262 2927 est.
1295 2871 1611 2986 negueThebae
1627 2885 1730 2916 cum
1744 2883 1833 2927 jam
1849 2865 1979 2912 The-

336 2941 442 2989 bani
474 2943 519 2987 in
548 2939 808 2987 servitutem
837 2942 895 2988 ab
938 2942 1199 2990 Alexandro
1218 2943 1332 2989 venii
1368 2952 1456 2984 ent.
1490 2933 1614 2981 Hmc
1647 2943 1828 3001 appartet
1850 2927 1977 2996 quod

334 3003 534 3052 Theffali
552 3002 787 3050 Thebanis
804 3002 1050 3053 debuerant
1067 3043 1080 3062 ,
1109 3020 1201 3051 non
1228 3004 1312 3051 esle
1324 2997 1552 3049 Thebanis
1568 2994 1837 3056 postliminio
1856 2990 1978 3035 resti-

334 3081 486 3115 tutum
505 3080 517 3112 :
545 3062 681 3126 idque
696 3065 862 3128 duplici
879 3065 937 3113 de
951 3067 1077 3115 causa
1096 3083 1106 3114 ;
1132 3081 1228 3114 tum
1244 3064 1366 3127 quod
1381 3071 1633 3128 novusterat
1646 3052 1834 3125 populus
1852 3067 1862 3098 :
1878 3065 1975 3097 tum

336 3128 463 3189 quod
479 3126 735 3174 Alexander
751 3143 843 3190 quo
859 3143 1067 3192 tempore
1081 3128 1295 3175 dominus
1311 3139 1403 3172 erat
1421 3122 1509 3168 hoc
1524 3135 1593 3179 Jus
1610 3119 1797 3165 alienare
1814 3128 1977 3174 potue-

334 3204 407 3237 rat
421 3192 470 3236 &
488 3188 760 3236 alienaverat
780 3207 792 3237 :
825 3191 874 3236 Β(
891 3195 995 3250 quia
1011 3190 1233 3238 creditum
1250 3204 1337 3236 non
1361 3189 1405 3233 in
1420 3197 1581 3231 eorum
1597 3180 1658 3227 est
1675 3191 1865 3225 numero
1881 3190 1976 3237 quae

334 3251 611 3315 postliminio
635 3252 842 3301 redeunt.
887 3253 944 3300 Ei
972 3253 1094 3316 quod
1124 3253 1186 3301 de
1215 3252 1396 3298 civitate
1415 3242 1613 3295 diximus
1639 3240 1756 3292 haud
1784 3243 1977 3290 multum

1235 3313 1288 3362 15
1321 3328 1347 3380 3
1855 3296 1980 3347 diffi-
