2380 3917
84 3239 172 3269 „An-t
193 3233 247 3265 hb.

86 3286 280 3320 trium-ap

88 3341 146 3370 12,
165 3331 201 3362 ὦ*
220 3327 273 3361 hh.

78 3379 146 3423 srv-

314 352 364 392 30
718 338 1579 380 Dttvassntttt

302 408 565 473 capitalibus
587 446 596 464 ,
616 421 759 470 neque
775 405 905 453 bellis
938 405 1062 465 justis
1092 406 1136 450 in
1167 403 1288 468 ipsos
1325 407 1469 454 etiam
1503 407 1722 456 Israelitas
1740 399 1988 458 obstabant.

308 475 463 538 Qare
480 489 532 518 ne
551 487 663 517 nunc
676 468 861 532 quidem
878 467 1017 516 verba
1035 467 1198 514 eadem
1222 507 1232 524 ‚
1255 483 1330 515 aut
1346 485 1569 532 praecepta
1584 471 1758 528 similia,
1782 476 1989 537 quamvis

306 537 436 583 latius
455 535 655 600 patentia
676 572 686 589 ,
706 536 747 579 in
765 531 904 579 talem
921 531 1090 578 {ensum
1127 532 1342 594 rapienda
1370 531 1467 578 sunt
1494 549 1505 580 :
1532 542 1680 596 eoque
1703 537 1850 584 minus
1882 538 1990 601 quia

305 602 504 663 capitum
526 597 736 643 sectiones
756 611 847 641 non
864 592 921 642 ab
937 593 1166 656 Apostolis
1182 592 1276 641 (unt
1298 633 1309 650 ‚
1328 609 1407 641 aut
1425 610 1586 642 eorum·
1606 612 1750 654 atate,
1777 597 1854 646 sed
1871 599 1990 646 mul-

306 676 359 708 to
378 661 510 709 serius
528 660 651 707 fatstae
669 658 726 706 ad
740 656 1042 706 dividendam
1073 657 1313 704 leffionem
1333 659 1381 703 &
1408 656 1668 706 faciliorem
1698 661 1907 709 locorum
1925 663 1989 710 al-

304 724 594 786 legatIOnem.
618 725 771 788 Qre
789 721 914 784 quod
930 735 1086 767 nuncx
1097 736 1116 766 1
1130 737 1148 766 1
1161 736 1180 767 1
1203 735 1335 784 caput
1353 721 1541 768 inchoat
1561 761 1571 778 ‚
1590 730 1725 770 Omnis
1741 732 1876 770 anima
1884 742 1992 788 pote-

295 779 1013 849 stJt.·bt-ufitpereminentibussubjcila
1029 787 1099 841 esto
1119 821 1130 839 ,
1153 784 1202 829 &
1221 800 1315 846 quae
1334 782 1577 847 sequuntur
1594 824 1605 841 ‚
1622 801 1726 831 cum
1745 786 1830 833 illis
1845 786 1904 834 de
1916 787 1989 834 ul-

306 853 430 897 tione
448 865 538 895 non
569 848 826 911 expetenda
856 848 1091 910 praecptis
1108 846 1303 894 coliaelit.
1339 847 1389 893 In
1406 848 1489 894 hac
1507 863 1660 894 autem
1679 847 1990 897 diss'ertatione

303 914 415 960 dicit
446 911 607 959 Paulus
637 910 883 974 potestates
900 908 1101 971 publicas
1137 910 1225 957 Dei
1258 909 1474 957 ministras
1495 909 1582 958 effe
1601 948 1610 961 ‚
1629 912 1678 957 δε
1706 912 1913 960 vindices
1925 912 1987 960 ad

303 978 416 1024 iram
453 978 467 1035 (
486 975 531 1022 id
548 974 608 1022 est
626 973 683 1021 ad
704 974 914 1039 poenam)
942 973 987 1030 in
1015 970 1245 1020 maleficos
1272 988 1283 1020 :
1309 988 1368 1020 eo
1406 974 1418 1020 i
1455 972 1502 1020 so
1524 973 1800 1044 apertissime
1832 976 1988 1024 distin-

303 1056 441 1105 guens
463 1041 577 1086 inter
591 1039 814 1085 ultionem
831 1035 998 1101 publici
1011 1033 1122 1082 boni
1138 1034 1280 1090 causa,
1301 1053 1394 1098 quae
1461 1038 1620 1084 civice
1633 1039 1844 1103 exigitur,
1863 1042 1910 1086 δε
1929 1037 1990 1085 ad

307 1105 528 1150 ultionem
547 1102 654 1149 Deo
674 1099 947 1152 reservatam
965 1098 1202 1146 referenda
1214 1098 1274 1146 est
1292 1119 1307 1157 3
1335 1100 1384 1144 &
1409 1100 1532 1147 illam
1566 1100 1779 1164 explendi
1808 1102 1987 1150 doloris

306 1183 444 1229 qnam
475 1166 615 1228 paulo
636 1180 741 1211 ante
769 1163 1085 1210 interdixerat.
1120 1160 1250 1208 Nam
1265 1162 1294 1208 si
1311 1162 1533 1210 ultionem
1562 1166 1700 1212 etiam
1733 1165 1856 1212 illam
1890 1182 1988 1227 quae

308 1230 417 1277 boni
437 1228 601 1292 publici
619 1228 747 1275 caula
763 1228 965 1292 exigitur
984 1264 995 1283 ,
1013 1227 1058 1275 in
1095 1224 1177 1272 illo
1199 1224 1444 1272 interdicto
1469 1227 1843 1292 comprehensam
1860 1228 1988 1285 velis,

303 1293 416 1356 quid
432 1307 528 1338 erat
546 1284 790 1346 absurdius,
810 1305 948 1353 quam
966 1303 1073 1336 cum
1089 1286 1266 1335 dixisset
1291 1287 1601 1337 abstinendum
1614 1294 1639 1337 a
1685 1288 1798 1340 oinis
1815 1294 1989 1355 capita-
2040 1338 2050 1347 ,

306 1356 438 1412 libus,
461 1354 626 1402 deinde
655 1353 869 1415 subjicere
885 1392 897 1410 ‚
913 1354 958 1400 in
987 1352 1079 1399 hoc
1108 1350 1350 1415 potestates
1366 1351 1567 1415 publicas
1593 1357 1620 1401 a
1715 1371 1739 1401 ε
1760 1371 1791 1402 o
1825 1354 1988 1403 consti-

310 1435 445 1470 tutas,
466 1434 516 1465 ut
534 1434 687 1482 poenas
703 1419 807 1466 vice
817 1417 907 1465 Dei
925 1416 1139 1481 exigant?
1158 1414 1352 1480 Qntus
1371 1431 1466 1479 quo
1486 1419 1686 1466 nonnulli
1706 1433 1891 1466 utuntur
1912 1418 1986 1465 10⁴

313 1500 392 1530 cus
412 1481 474 1528 cst
510 1498 563 1529 11
595 1479 778 1538 Cor.x‚
800 1494 840 1544 3.
868 1489 1109 1544 Qanquam
1125 1487 1168 1527 in
1184 1497 1293 1526 carne
1321 1482 1591 1538 ambulantem
1608 1500 1850 1546 nequaquam
1866 1487 1991 1528 carnis

315 1551 411 1592 bella
431 1553 601 1601 gerimus.
623 1556 728 1591 Nam
744 1562 859 1591 arma
873 1546 1017 1589 militia
1035 1545 1159 1599 nostra
1172 1544 1196 1572 *
1215 1561 1290 1588 non
1294 1545 1389 1601 sunt
1405 1546 1590 1599 carnalia,
1611 1548 1676 1599 sed
1701 1548 1896 1591 divinitus
1910 1558 1989 1590 va·-

309 1612 394 1654 lida
407 1597 460 1654 id
473 1612 753 1661 destructionem
765 1611 1029 1653 munitionum
1044 1628 1055 1650 :
1069 1608 1118 1651 &
1135 1619 1229 1668 quae
1246 1602 1497 1667 sequuntur.
1527 1602 1623 1652 Sed
1635 1607 1711 1654 hic
1726 1606 1854 1653 locus
1877 1606 1987 1654 nihil

309 1670 367 1717 ad
381 1686 476 1716 rem
495 1668 624 1718 facit.
641 1669 899 1718 Ostendant
915 1670 1037 1715 enim
1056 1682 1157 1714 tum
1171 1663 1482 1730 praecedentia,
1504 1680 1601 1716 tum
1619 1685 1713 1732 quae
1729 1668 1985 1732 sequuntur,

310 1736 455 1782 carnis
477 1735 660 1781 nomine
692 1738 719 1780 a
758 1731 899 1780 Paulo
916 1730 979 1778 ibi
996 1730 1183 1796 intelligi
1202 1769 1214 1786 ,
1235 1730 1511 1778 imbecillam
1528 1733 1734 1797 corporis
1753 1731 1990 1780 conditio·-

312 1813 415 1844 nem
431 1836 441 1853 ‚
454 1796 597 1858 qualis
614 1797 657 1842 in
677 1795 899 1859 aspectum
928 1794 1137 1841 veniebat
1154 1830 1164 1845 ‚
1184 1794 1234 1839 &
1250 1794 1378 1854 cujus
1395 1796 1580 1843 nomine
1593 1795 1988 1843 contemnebatur.

312 1861 437 1909 Huic
450 1861 640 1924 opponit
661 1858 820 1907 Paulus
834 1873 961 1905 arma
984 1857 1056 1904 sua
1075 1896 1085 1913 ,
1106 1857 1375 1920 potestatem
1395 1856 1564 1906 scilicet
1585 1859 1666 1907 fibi
1684 1874 1734 1908 ut
1760 1858 1986 1923 Apostolo

309 1921 464 1971 datam
480 1923 536 1971 ad
554 1922 836 1970 coercendos
850 1919 1154 1978 refractarios,
1174 1919 1294 1983 quali
1311 1919 1411 1969 usus
1426 1919 1576 1970 fuerat
1588 1925 1632 1970 in
1652 1920 1989 1984 Elymamsso‘s

312 1988 527 2034 rinthium
542 1986 691 2034 incesti
713 2000 844 2032 reum
859 2022 870 2041 ‚
887 1983 1189 2046 Hymenaeum
1205 1984 1254 2030 δε
1269 1982 1594 2033 Alexandrum.
1623 1984 1756 2033 Hanc
1771 2001 1821 2032 er
1855 2001 1885 2032 o
1900 2002 1985 2049 po-

307 2051 516 2098 testatem
533 2065 665 2107 nectat
682 2049 765 2097 effe
783 2046 1010 2094 carnalem
1028 2085 1040 2104 ‚
1059 2046 1105 2094 id
1122 2046 1184 2094 est
1198 2047 1422 2094 infirmam
1443 2086 1454 2104 ‚
1473 2048 1571 2096 imo
1587 2063 1749 2096 contra
1768 2065 1826 2097 va
1844 2048 1986 2097 idiffi-

308 2130 435 2160 marn
453 2129 553 2160 eam
568 2105 654 2160 e'fi'e
675 2112 837 2159 afferit.
854 2109 981 2220 Οὲιεά
998 2109 1090 2157 hoc
1108 2109 1167 2158 ad
1181 2111 1253 2171 jus
1268 2110 1526 2175 capitalium
1545 2110 1861 2178 suppliciorum
1876 2151 1888 2170 ‚
1909 2126 1988 2161 aut

307 2176 413 2224 belli
433 2176 567 2223 ?1rno
586 2190 764 2232 contra,
783 2174 888 2240 quia
968 2172 1097 2220 clesia
1109 2189 1169 2220 eo
1183 2187 1278 2220 tem
1314 2187 1397 2220 ore
1409 2175 1691 2238 publicarum
1709 2175 1988 2240 potestatum

306 2239 477 2287 auxilio
497 2238 818 2288 destituebatur
838 2278 849 2295 ‚
867 2235 976 2284 ideo
993 2235 1051 2284 ad
1066 2240 1162 2296 ejus
1179 2249 1275 2284 tute
1295 2251 1369 2282 am
1382 2237 1694 2302 prodigiosam
1712 2238 1835 2287 illam
1851 2254 1988 2306 pote-

310 2303 466 2351 statem
483 2302 609 2350 Deus
625 2303 902 2350 excitaverat
923 2339 934 2357 ,
955 2316 1049 2364 quae
1064 2298 1258 2347 deficere
1275 2297 1424 2347 ferme
1437 2304 1577 2366 coepit
1590 2318 1649 2349 ex
1665 2315 1761 2366 quo
1782 2302 1985 2368 Impera·

308 2382 433 2413 tores
450 2364 688 2414 Christiani
704 2363 906 2412 Ecclefiae
917 2363 1221 2428 contigerunt,
1240 2361 1351 2410 ficut
1368 2364 1541 2412 Manna
1551 2364 1722 2413 defecit
1733 2365 1810 2414 ubi
1828 2366 1873 2412 in
1889 2381 1986 2414 ter-

305 2446 378 2478 ras
397 2428 638 2484 frugiferas
667 2427 861 2493 populus
885 2424 1189 2474 Hebraeorum
1216 2441 1501 2489 perveneram
1529 2431 1624 2493 Q
1643 2428 1773 2477 sexto
1801 2428 1988 2478 affertur

309 2494 436 2539 locus
455 2483 572 2556 Eph.
585 2508 641 2539 VI
651 2530 662 2549 ‚
685 2504 759 2547 12,
777 2494 932 2538 Induite
947 2492 1174 2549 universam
1188 2493 1297 2537 illam
1312 2509 1563 2540 armaturam
1577 2499 1654 2539 Dei
1669 2531 1681 2550 ,
1701 2509 1745 2540 ut
1756 2494 1986 2555 poffitissta·

310 2576 352 2602 re
367 2559 553 2617 adversus
569 2572 671 2602 artes
688 2558 833 2601 diaboli
843 2574 858 2612 3
868 2558 961 2615 quia
977 2570 1053 2599 non
1070 2554 1119 2610 est
1129 2555 1235 2598 vobis
1253 2557 1357 2598 luc'la
1371 2559 1565 2616 adversus
1575 2559 1808 2618 sanguinem
1826 2559 1879 2613 (5-
1893 2575 1977 2604 car-

312 2637 397 2665 nem
418 2626 431 2664 (
447 2617 600 2680 supple
620 2656 629 2672 ‚
651 2631 825 2665 tantum
841 2651 851 2666 ‚
867 2630 998 2662 more
1015 2611 1215 2661 Hebraeo
1236 2616 1251 2674 )
1259 2618 1328 2674 fid
1342 2620 1537 2677 adversus
1549 2623 1723 2680 imperia,
1742 2619 1792 2664 &
1804 2633 1901 2681 quae
1918 2617 1986 2666 st:-

311 2695 505 2743 quuntur
524 2697 534 2728 :
552 2682 645 2744 agit
673 2680 731 2726 de
757 2693 906 2743 pugna
933 2694 1028 2740 quae
1045 2676 1410 2725 Christianorum
1427 2680 1489 2726 est
1504 2694 1593 2742 qua
1609 2679 1706 2729 sunt
1721 2677 1981 2738 Christiani,

312 2757 404 2789 non
430 2759 564 2804 quam
577 2756 873 2789 communem
897 2740 1065 2787 habere
1083 2755 1188 2786 cum
1205 2739 1301 2786 aliis
1321 2740 1582 2790 hominibus
1597 2745 1734 2791 certis
1745 2745 1985 2793 eventibus

314 2804 506 2864 poffunt.
539 2805 690 2852 Iacobi
722 2805 849 2851 locus
880 2805 955 2865 qui
977 2804 1174 2864 septimo
1195 2801 1379 2849 affertur
1399 2820 1474 2861 1v,
1492 2819 1535 2862 1,
1574 2811 1682 2854 Vnde
1692 2810 1789 2853 bella
1801 2811 1986 2870 &pugne

314 2874 417 2914 inter
435 2888 502 2913 vos
521 2881 539 2912 ἓ
555 2888 674 2915 nonne
686 2888 731 2913 ex
743 2869 1006 2926 voluptatibus
1025 2869 1156 2923 vestris
1167 2883 1244 2927 qua
1262 2870 1443 2914 militant
1457 2873 1499 2914 in
1517 2874 1696 2916 membris
1709 2871 1839 2928 vestris
1850 2882 1868 2913 ,Ρ
1885 2879 1986 2917 (3οη-

313 2934 496 2989 tupiscr‘tis
513 2928 562 2980 ὅ
572 2950 645 2976 non
661 2934 809 2975 habetis
825 2953 836 2974 .·
853 2931 1038 2974 invidetis
1069 2930 1121 2982 &a
1136 2930 1322 2986 affic‘z‘atis
1340 2964 1351 2983 ,
1364 2947 1429 2974 nec
1436 2935 1583 2990 potestis
1606 2935 1796 2993 nancisci:
1808 2936 1988 2994 pugnatis

312 2992 368 3044 ὅ
384 2994 478 3037 bella
485 2997 614 3053 geritis
630 3027 639 3040 ,
677 3011 740 3037 nec
754 2994 927 3036 obtinetis
939 3009 978 3035 eo
990 2992 1093 3053 quod
1115 3009 1192 3035 non
1208 3026 1210 3028 v
1225 2995 1358 3050 petitis
1372 3013 1383 3036 .·
1397 2998 1534 3038 Ρετὶιὶς
1563 2996 1614 3049 (φ
1625 3013 1700 3039 non
1728 3000 1896 3055 accipitis
1916 3031 1927 3049 ,
1943 3011 1987 3039 co

339 3058 415 3100 uod
429 3059 528 3100 male
536 3061 678 3114 periris,
698 3070 741 3098 ut
756 3061 797 3098 in
812 3057 1027 3112 voluptates
1046 3054 1190 3108 vestras
1205 3054 1421 3108 absumatis
1440 3075 1450 3098 .·
1468 3054 1577 3100 nihil
1589 3057 1792 3101 continet
1804 3055 1987 3101 univer·

309 3075 400 3165 iaie
423 3133 433 3164 :
454 3131 629 3163 tantum
660 3116 768 3161 dicit
788 3114 906 3160 bella
930 3116 979 3159 &
996 3129 1169 3176 pugnas
1186 3112 1348 3174 quibus
1362 3128 1460 3163 tum
1480 3116 1659 3164 Hebraei
1678 3116 1855 3180 disperii
1869 3118 1986 3163 inter

311 3179 525 3226 scmisere
544 3177 876 3224 collidebantur
909 3178 925 3234 (
941 3178 1069 3236 cujus
1098 3175 1285 3222 liistoriae
1304 3192 1484 3238 partem
1515 3180 1713 3244 aliquam
1727 3178 1848 3243 apud
1866 3178 1986 3225 Iose-

311 3243 452 3303 phum
470 3241 628 3288 videre
645 3241 739 3301 est)
769 3254 922 3286 ortum
951 3237 1147 3285 habuilse
1175 3254 1232 3284 ex
1256 3239 1393 3286 caufis
1410 3257 1500 3287 non
1517 3241 1677 3305 probis
1695 3241 1849 3305 :quod
1866 3256 1985 3288 nune

289 3298 447 3349 'etiam
475 3305 741 3368 contingere
773 3300 933 3349 scimus
963 3303 1011 3347 δε
1039 3301 1270 3354 dolemus.
1303 3301 1488 3354 Sensum
1514 3304 1571 3356 ab
1583 3306 1675 3355 hoc
1695 3304 1849 3356 Iacobi
1873 3303 1985 3352 loco

315 3381 404 3416 non
417 3366 610 3415 alienum
626 3366 765 3417 habet
783 3363 956 3415 Tibulli
972 3363 1082 3412 illud
1102 3381 1115 3419 ;

1834 3433 1987 3478 Divitis
