2380 3917
406 300 481 338 266
823 297 1684 337 DEIVREBEttl

406 368 530 412 tione
548 365 724 427 imperii
743 377 880 407 onera
897 400 907 411 ,
930 375 1005 407 aut
1020 361 1276 408 tranlitoria
1295 361 1404 417 fiunt,
1428 376 1505 408 aut
1523 364 1763 412 manentia.
1795 363 2074 414 Transitorio

404 429 460 474 de
479 425 701 472 solvendo
719 424 938 487 stipendio
957 463 967 479 ,
1002 423 1061 468 de
1079 424 1301 470 moenibus
1313 423 1545 471 diruendis
1565 464 1576 481 ‚
1611 440 1660 472 ut
1678 425 1790 473 locis
1806 428 2076 489 quibusdam

403 488 653 537 decedatur
675 503 685 534 :
704 502 751 533 ut
770 487 933 532 dentur
951 485 1133 532 obfides
1152 524 1164 542 ,
1183 485 1414 548 elephanti
1433 525 1444 542 ‚
1464 503 1612 533 naves.
1648 488 1888 537 Manentia
1907 529 1918 547 ,
1948 505 1999 538 ut
2015 490 2077 537 de

402 554 596 615 imperio
615 567 666 598 ac
686 549 915 607 majestate
934 550 1129 595 comiter
1140 547 1346 601 colenda,
1366 550 1492 607 cujus
1511 547 1678 595 federis
1693 566 1786 612 quae
1803 551 1856 598 fit
1878 554 1946 598 vis
1964 551 2072 600 alibi

402 616 609 661 diximus.
645 612 766 659 Huic
782 613 1043 674 proximum
1062 610 1123 656 est
1139 624 1189 657 ut
1205 609 1356 656 hostes
1372 612 1420 656 &
1437 611 1569 657 amici
1591 610 1838 661 habeantur
1855 629 1973 675 quos
1991 630 2073 662 ve·

403 680 455 725 lit
481 677 674 740 partium
693 675 830 720 altera
851 690 862 720 :
891 689 946 718 ne
963 674 1034 719 cui
1053 674 1285 729 exercitui,
1309 674 1501 720 cuicum
1521 671 1668 720 altero
1687 673 1855 722 bellum
1874 675 1928 724 fit
1947 715 1959 732 ‚
1991 692 2075 739 per

402 742 508 786 fines
522 738 727 785 tranfitus
740 734 1080 783 commeatusve
1097 734 1245 782 detur.
1281 734 1409 782 Tum
1424 735 1496 782 illa
1512 736 1691 783 minora
1710 773 1722 793 ,
1765 752 1821 783 ne
1836 752 1961 785 arces
1978 754 2089 786 cer--

402 806 458 850 tis
476 803 588 853 locis
606 799 898 853 aedificare,ne
915 800 1167 845 exercitum
1185 798 1431 854 ducere‚ne
1445 812 1581 844 naves
1597 797 1764 845 habere
1777 800 1896 848 ultra
1912 817 2073 848 nume-

401 882 501 913 rum
520 864 770 916 definitum,
787 878 842 907 ne
859 862 1020 909 urbem
1031 861 1309 923 condere,ne
1325 861 1548 926 navigare,
1563 875 1619 907 ne
1636 860 1830 909 militem
1845 864 1981 910 certis
1999 862 2073 909 lo-

400 930 462 974 cis
480 924 761 974 conscribere
781 924 928 974 liceat:
944 941 999 971 ne
1017 924 1165 972 socios
1181 938 1447 987 oppugnare
1464 937 1543 971 :ne
1559 938 1821 971 commeatu
1835 924 1983 972 hostes
1995 926 2071 986 ju-

400 1005 523 1037 vare:
539 1004 593 1035 ne
612 989 813 1050 recipere
833 1002 913 1032 eos
930 988 1005 1049 qui
1019 987 1200 1034 aliunde
1217 988 1401 1034 veniunt
1416 1002 1427 1033 ε
1442 999 1491 1033 ut
1510 983 1668 1031 federa
1684 988 1805 1048 prius
1821 986 1940 1034 faCta
1961 1003 2069 1035 cum

400 1053 499 1099 aliis
513 1051 801 1097 dirimantur:
813 1064 1008 1111 quorum
1023 1050 1227 1097 omnium
1242 1048 1453 1112 exempla
1466 1047 1587 1111 apud
1604 1047 2066 1110 Polybium,Livium‚

400 1117 450 1162 δε
467 1115 580 1161 alios
598 1113 756 1160 videre
776 1111 854 1158 est.
871 1110 1030 1160 Solent
1047 1126 1201 1159 autem
1214 1111 1374 1158 federa
1387 1110 1616 1173 inaequalia
1632 1112 1952 1168 conti·ahi‚non
1968 1126 2070 1159 tan-

401 1194 497 1225 tum
509 1178 625 1223 inter
640 1175 837 1223 victores
855 1175 904 1220 δε
923 1175 1085 1231 viCtos,
1104 1190 1154 1222 ut
1169 1174 1415 1238 Menippus
1429 1172 1638 1221 censebat
1659 1212 1671 1230 ,
1691 1173 1763 1220 sed
1783 1175 1962 1222 &inter
1979 1191 2069 1238 po-

399 1242 620 1288 tentiores
638 1240 1054 1299 &impotentiores
1073 1241 1214 1286 etiam
1231 1238 1308 1301 qui
1321 1236 1444 1285 bello
1461 1239 1576 1285 inter
1592 1236 1635 1284 se
1659 1238 1834 1300 experti
1849 1252 1939 1284 non
1957 1238 2069 1287 sunt.

466 1302 508 1351 V
522 1304 541 1349 1
557 1300 629 1348 II.
666 1302 742 1349 De
765 1299 995 1348 federibus
1011 1300 1224 1364 frequens
1240 1299 1301 1347 est
1316 1299 1493 1363 quaestio
1511 1339 1522 1357 ‚
1548 1301 1727 1347 licitene
1743 1302 1946 1348 ineantur
1960 1317 2067 1348 cum

404 1366 475 1413 his
493 1366 606 1427 quia
623 1380 727 1411 vera
738 1364 815 1411 reli
852 1366 956 1411 ione
972 1365 1102 1413 alieni
1118 1364 1217 1411 sunt
1234 1379 1246 1410 :
1264 1379 1357 1425 quae
1375 1378 1443 1409 res
1457 1365 1499 1409 in
1515 1364 1612 1422 jure
1633 1376 1795 1410 naturae
1813 1362 2066 1411 dubitatio-

402 1444 508 1475 nem
527 1443 616 1473 non
633 1428 788 1474 habet.
882 1444 954 1475 arn
970 1428 1018 1474 id
1035 1430 1103 1488 jus
1135 1428 1198 1473 ita
1213 1425 1423 1473 omnibus
1453 1424 1712 1473 hominibus
1727 1441 1972 1474 commune
1985 1426 2064 1484 est,

402 1507 453 1538 ut
471 1491 701 1554 religionis
717 1489 956 1537 discrimen
973 1506 1064 1537 non
1093 1489 1323 1536 admittat.
1358 1487 1448 1535 Sed
1464 1487 1521 1535 de
1534 1489 1634 1550 jure
1660 1487 1819 1536 divino
1836 1490 2064 1551 quaeritur,

164 1579 219 1612 Tn.
238 1585 274 1619 2,
287 1583 321 1612 2,
338 1586 374 1623 q.
402 1569 461 1601 ex
474 1568 567 1615 quo
582 1554 696 1600 hanc
711 1552 994 1616 quaestionem
1018 1552 1214 1601 tractant
1232 1590 1243 1610 ,
1280 1555 1304 1582 *
1324 1567 1416 1597 non
1432 1551 1666 1615 Theologi
1683 1566 1860 1598 tantum
1881 1590 1893 1608 ‚
1923 1551 1999 1598 sed
2016 1553 2066 1599 &

170 1634 228 1705 'Z'
241 1634 306 1658 art.
326 1634 381 1713 iso.
402 1615 819 1726 Ιυῗίξζοιιίῧὴοωιῃ
835 1616 1053 1673 nonnulli,
1070 1617 1189 1724 igter
1205 1630 1322 1723 quod
1339 1610 1572 1662 Oldradus
1592 1615 1639 1661 &
1657 1615 1905 1724 Βᾶεἰαῃίιὶιε.
1931 1676 1961 1724 d

164 1675 211 1706 ⁰·
228 1684 356 1751 ”0⁶:³2
556 1713 568 1725 .
648 1680 852 1726 ideamus
867 1681 1072 1743 primurn
1124 1695 1151 1725 e
1174 1679 1274 1738 jure
1324 1678 1449 1724 ivino
1465 1678 1606 1725 veteri
1626 1714 1638 1732 ,
1664 1693 1689 1723 a
1735 1678 1804 1724 uri
1858 1680 1929 1725 ein
1964 1694 1990 1726 e
2004 1678 2065 1726 de

164 1727 251 1800 322,
277 1742 357 1807 ems:
407 1758 548 1789 novo.
583 1742 729 1790 Fedus
755 1757 846 1788 non
864 1741 1061 1790 nocendi
1092 1741 1222 1788 cauia
1238 1756 1345 1789 cum
1373 1740 1567 1787 alienisa
1583 1741 1801 1805 religione
1818 1741 2066 1787 contrahe-

164 1819 232 1848 20·
404 1823 452 1854 1³e
466 1821 569 1854 ante
586 1804 728 1852 Mosis
745 1804 893 1866 legem
911 1807 1053 1853 licuit.
1089 1805 1364 1869 Exemplum
1380 1803 1498 1850 estin
1517 1801 1675 1850 federe
1685 1802 1838 1852 Iacobi
1850 1819 1954 1850 cum
1971 1802 2064 1851 La-

404 1870 519 1916 bane
539 1885 550 1915 :
586 1883 635 1914 ut
662 1870 753 1929 jam
770 1865 831 1914 de
848 1868 1116 1916 Abimeleco
1130 1867 1236 1914 nihil
1254 1867 1404 1914 dicam
1424 1906 1435 1923 ‚
1470 1864 1651 1928 quando
1670 1883 1759 1914 non
1777 1865 1880 1914 satis
1891 1866 2064 1914 constat

165 1948 247 1983 Gen.
263 1954 372 1990 xxxi,
405 1948 508 1979 eum
541 1930 664 1978 fuiffe
691 1931 1002 1979 idololatram.
1039 1929 1209 1993 Neque
1238 1930 1287 1977 id
1319 1930 1392 1977 lex
1409 1945 1488 1992 per
1504 1926 1687 1976 Mosem
1713 1928 1818 1976 data
1849 1930 2063 1977 mutavit.

167 2004 234 2039 44·
403 1995 626 2057 Exemplo
642 1994 719 2040 sint
737 1995 941 2060 AEgyptii
953 1995 1074 2042 haud
1092 1993 1230 2041 dubie
1240 2008 1345 2040 runc
1358 1991 1629 2039 idololatrae.
1641 1991 1744 2040 Hos
1763 2007 1914 2039 tamen
1931 2008 2062 2040 aver-

165 2043 356 2124 ss‘ffi'f'l',
402 2059 483 2108 sari
502 2071 706 2107 vetantur
723 2056 921 2106 Hebraei.
940 2056 1205 2121 Excipiendi
1221 2055 1318 2103 sunt
1333 2056 1487 2120 populi
1501 2053 1668 2116 septem
1682 2054 1830 2102 divina
1846 2053 2062 2103 sententia

321 2108 336 2131 s
404 2123 604 2169 damnati
623 2159 634 2173 ,
665 2123 791 2180 cujus
804 2122 1028 2169 sententiae
1045 2118 1331 2167 exsecutores
1347 2134 1474 2166 erant
1491 2118 1685 2183 delegati
1701 2117 1919 2166 Israelitae.
1956 2134 2060 2165 nam

403 2187 469 2232 his
482 2184 524 2229 in
540 2182 800 2230 idololatria
816 2183 1108 2247 perstantibus
1125 2221 1137 2239 ‚
1169 2184 1218 2229 δε
1246 2183 1487 2244 imperium
1512 2179 1860 2228 detrectantibus
1877 2197 2062 2244 parcere

167 2258 273 2291 Dm.
287 2266 329 2293 vr
344 2266 376 2301 ι,
402 2261 609 2293 vetantur
627 2283 638 2301 ,
659 2246 817 2308 quibus
835 2247 996 2293 itidem
1017 2247 1210 2293 decreto
1228 2245 1388 2291 divino
1402 2244 1545 2291 additi
1557 2244 1652 2291 sunt
1671 2242 1941 2291 Amalecitae.
1975 2242 2060 2290 Fe-

168 2312 211 2383 ἱ·
225 2353 259 2384 ιὰ
403 2312 510 2357 deta
526 2325 706 2371 qnoque
723 2312 1110 2357 commerciorum
1131 2348 1142 2365 ‚
1162 2310 1211 2355 δε
1224 2324 1320 2370 quae
1336 2308 1404 2355 his
1418 2307 1577 2354 similia
1595 2306 1653 2353 ad
1668 2306 1907 2354 utilitatem
1925 2322 2060 2354 com-

172 2362 227 2441 ,ξι
263 2375 271 2386 ’
291 2359 374 2386 '‘n''
401 2387 580 2417 munem
598 2410 609 2427 ,
644 2384 720 2417 aut
739 2373 921 2419 alterius
934 2373 1073 2436 partis
1090 2373 1315 2434 pertinent
1334 2409 1345 2426 ,
1383 2371 1494 2417 inire
1511 2386 1611 2416 cum
1629 2367 1828 2432 profanis
1851 2369 1957 2416 licet
1975 2385 2058 2433 per

398 2435 556 2497 legem.
577 2433 685 2479 nihil
708 2437 828 2481 enirn
843 2436 1065 2498 reperitur
1078 2433 1207 2496 quod
1224 2432 1384 2480 obstet.
1401 2433 1460 2479 Et
1477 2432 1683 2494 exempla
1699 2431 1914 2479 habemus
1930 2430 2059 2480 fede-

172 2503 213 2532 ¹¹
232 2495 325 2531 Sam.
343 2508 378 2533 V»
400 2513 498 2544 rum
509 2513 603 2558 quae
625 2496 778 2543 David
795 2501 844 2544 &
862 2497 1061 2544 Solomo
1078 2513 1182 2543 cum
1199 2496 1403 2543 Hiromo
1423 2495 1674 2557 Tyriorum
1695 2511 1803 2560 rege
1819 2493 2022 2547 fecerunt
2043 2510 2057 2543 ε

171 2551 302 2635 {238
324 2597 364 2626 η
400 2576 451 2607 ac
481 2558 731 2605 notandum
749 2562 794 2606 in
813 2561 934 2608 sacra
950 2559 1134 2606 historia
1151 2557 1242 2605 dici
1273 2557 1405 2606 fedus
1433 2558 1523 2606 hoc
1554 2562 1580 2605 a
1609 2556 1866 2604 Solomone
1884 2556 2055 2604 fadtut‘n

241 2677 244 2680 Ι
307 2612 317 2630 ’
371 2616 381 2626 '
401 2626 526 2682 juxta
538 2620 794 2684 lapientiam
821 2641 958 2686 quam
977 2622 1105 2670 Deus
1121 2623 1161 2669 ei
1178 2619 1383 2669 dederat.
1409 2620 1511 2668 Lex
1526 2620 1711 2681 quidem
1727 2620 1874 2667 Molis
1889 2619 2057 2685 specia-

165 2673 276 2756 ξπ·
296 2683 380 2719 ¹¹¹,
400 2686 502 2730 liter
525 2686 716 2746 imperat
749 2685 1017 2734 benefacere
1049 2684 1336 2748 popularibus
1354 2723 1366 2742 ,
1398 2683 1563 2740 αἴνιπςῖν
1577 2683 1610 2727 “1“
1623 2681 1805 2728 ’πλησίου
1844 2697 2056 2746 praeterea

166 2745 371 2807 benamu,
400 2748 630 2809 peculiaris
647 2747 789 2795 vietus
805 2750 855 2795 δε
871 2763 1056 2795 morum
1073 2749 1191 2794 ratio
1215 2746 1372 2795 Iudaeis
1399 2745 1647 2812 praescripta
1664 2745 1933 2793 familiarem
1948 2762 2055 2793 cum

171 2822 205 2850 1·
399 2809 662 2856 hominibus
678 2813 848 2858 caeteris
872 2808 1239 2858 consuetudinem
1266 2810 1344 2857 vix
1377 2808 1651 2872 patiebatur.
1687 2809 1748 2855 At
1759 2809 1861 2857 hinc
1878 2825 1969 2856 non
1986 2808 2054 2855 se-

399 2873 550 2934 quitur
566 2885 639 2918 aut
657 2872 926 2921 benefacere
940 2874 1167 2919 extraneis
1183 2888 1272 2921 non
1288 2872 1454 2919 licuiffe.
1470 2911 1481 2929 ,
1515 2886 1591 2919 aut
1607 2872 1745 2918 etiam
1764 2871 1989 2920 laudabile
2003 2869 2053 2917 id

396 2949 490 3006 non
509 2933 592 2980 esse
610 2972 620 2987 ,
658 2936 783 3004 quod
794 2934 1050 3045 uzialffiingip
1073 2934 1258 3044 cplllglgit
1304 2934 1574 3044 οΙίὶεΞτίφωη]
1583 2934 1901 2999 magistrorum
1914 2948 2052 3000 prava

394 3011 511 3044 inter
546 3012 710 3044 retatio
730 3015 741 3046 :
763 3017 790 3046 u
856 3016 881 3045 e
898 3016 911 3043 1
948 3015 975 3043 u
1045 3014 1103 3045 uv
1206 3014 1241 3044 is
1290 3013 1315 3042 e
1348 3014 1376 3043 u
1412 3014 1482 3045 aeis
1500 3013 1513 3045 ε

515 3012 541 3059 p
675 3071 762 3107 Non
775 3065 981 3119 monstrare
995 3066 1084 3106 vias
1099 3064 1232 3107 eadem
1250 3061 1324 3121 nist
1326 3066 1446 3121 sacra
1463 3064 1606 3108 colenti.

166 3131 225 3176 off.
247 3142 276 3168 ι.
396 3139 490 3184 quo
506 3123 612 3168 loco
641 3124 902 3186 exemplum
921 3122 1215 3170 monstrandae
1239 3125 1320 3170 viae
1346 3123 1530 3173 minime
1556 3123 1743 3170 molesta
1759 3138 1904 3186 neque
1936 3121 2050 3168 sum-

168 3181 221 3254 ξε
232 3181 332 3224 ⁶⁹⁸&-
397 3185 522 3232 tuosa
540 3186 753 3232 beneficia
768 3185 935 3233 indicat
951 3222 961 3239 ,
993 3200 1087 3245 quae
1102 3186 1269 3246 ignotis
1284 3187 1421 3232 etiam
1439 3185 1674 3234 tribuenda
1690 3185 1861 3233 Cicero
1877 3185 1987 3231 dicit
2000 3185 2051 3230 &

170 3235 290 3317 H'ffiqffi
398 3245 581 3293 Seneca.
619 3248 796 3295 Eodem
810 3248 1004 3311 pertinet
1019 3247 1172 3294 Taciti
1187 3246 1300 3294 illud
1316 3248 1374 3294 de
1390 3247 1547 3296 iisdem
1564 3264 1576 3296 ε
1592 3253 1714 3310 Apud
1723 3252 1812 3310 ipfin
1828 3251 1921 3302 fides
1942 3250 2052 3303 obsti-

398 3326 507 3365 nata,
526 3316 784 3371 rmsericordia
802 3318 843 3358 in
858 3326 1027 3371 promtu,
1042 3314 1226 3373 adversus
1234 3330 1357 3361 omnes
1368 3316 1462 3361 alios
1478 3316 1602 3374 hostile
1617 3315 1762 3360 odium.
1782 3308 1856 3358 Sic
1876 3307 2050 3418 ifngoyi

1900 3387 1924 3417 e
1959 3384 2051 3417 eris
