2380 3917
415 300 486 341 186
826 293 1672 336 Dssrvnssnsttt

407 364 548 431 poffit
569 403 579 423 ‚
596 375 671 413 aut
688 377 769 411 rex
785 364 860 426 qui
875 377 990 410 nunc
1004 373 1163 424 regnat
1182 399 1193 416 ,
1213 375 1289 407 aut
1321 360 1517 423 populus
1529 376 1610 424 pet
1622 359 1664 408 se
1682 398 1694 417 ‚
1713 373 1792 410 aut
1811 374 1895 424 per
1914 357 2083 410 'udices

410 430 561 476 datos.
579 426 855 492 Negandum
875 440 1026 472 utrum
1064 439 1121 469 ue
1137 423 1198 469 est
1215 423 1275 470 de
1288 424 1462 483 judicio
1493 423 1824 482 jurisdistionis.
1919 440 1993 471 am
2025 427 2088 485 ju-

411 491 608 540 risdistio
631 506 720 536 non
738 489 797 536 est
816 487 892 535 nisi
912 485 1032 549 apud
1062 487 1321 547 uperiorem
1343 524 1355 542 ,
1370 501 1461 531 non
1479 487 1597 532 nuda
1609 488 1785 534 ratione
1816 484 1970 533 habita
1985 502 2091 550 pet-

412 553 542 610 sonae,
571 553 646 600 sed
664 553 797 598 causa:
818 551 960 606 simul,
982 566 1078 612 quae
1096 547 1333 611 spectanda
1350 547 1411 594 est
1428 563 1530 595 cum
1552 548 1635 595 suis
1647 548 1997 596 circumstantiis.
2018 547 2094 596 Est

409 634 561 664 autem
574 622 595 647 *
609 613 737 663 causa
754 613 1036 661 successionis
1053 627 1144 657 non
1166 609 1355 670 subjefia
1373 613 1469 673 regi
1489 627 1602 658 nunc
1621 613 1826 676 regnanti
1846 627 1858 658 z
1902 610 1998 658 uod
2027 613 2096 658 in-

409 680 469 727 de
486 693 688 742 apparet,
708 677 833 740 quod
851 693 930 723 rex
945 691 1062 722 nunc
1080 689 1273 735 regnans
1293 673 1409 720 nulla
1425 675 1525 737 lege
1542 672 1748 739 obligate
1762 627 1909 743 poteii
1925 671 2095 722 success-

410 743 571 791 sotem.
612 739 840 788 Succeffio
857 741 978 786 enim
996 738 1176 800 imperii
1196 754 1286 784 non
1298 736 1358 783 est
1373 735 1450 784 sub
1467 739 1565 796 jure
1596 738 1774 800 imperii
1794 771 1808 793 ,
1826 752 1879 783 ac
1898 736 2092 800 proinde

409 806 566 854 mansit
584 806 626 850 in
644 804 755 849 statu
775 802 962 850 naturali
983 840 992 857 ‚
1015 817 1106 863 quo
1119 799 1237 847 nulla
1264 814 1361 846 etat
1378 798 1647 858 jurisdiCtio.
1683 800 1901 847 Attamen
1928 799 1958 847 si
1976 814 2092 846 con·

410 868 601 917 troverst
619 868 727 928 jutis
748 866 797 912 sit
810 864 1042 919 succeffio,
1060 862 1179 909 teste
1195 863 1244 909 &
1260 864 1332 926 pie
1347 861 1512 910 facient
1527 865 1603 925 qui
1623 865 1692 924 jus
1713 861 1964 919 vindicant,
1984 861 2014 910 fi
2032 860 2094 909 de

408 932 587 980 arbitris
614 933 731 976 inter
751 928 792 975 se
811 928 1085 975 conveniant
1102 945 1117 984 3
1133 925 1260 988 quod
1289 925 1394 972 alibi
1423 925 1704 974 ttaEkabitur.
1743 923 1944 989 Populus
1976 939 2092 972 vero

411 1010 598 1042 omnem
613 998 640 1040 a
658 991 699 1039 se
719 991 832 1050 juris
829 990 1076 1038 dietionem
1089 990 1134 1035 in
1150 1004 1305 1051 regem
1330 1026 1342 1045 ,
1363 991 1411 1036 δε
1425 990 1595 1054 regiam
1609 987 1828 1035 familiam
1856 986 2091 1043 transtulit,

411 1073 493 1107 nec
508 1074 560 1105 ea
573 1056 765 1103 durante
784 1054 893 1101 ullas
912 1055 1008 1114 ejus
1026 1051 1160 1098 habet
1179 1052 1403 1113 reliquias.
1419 1052 1496 1099 De
1511 1068 1622 1100 vero
1635 1065 1780 1115 regno
1794 1049 1978 1114 loquor,
1999 1066 2093 1096 non

412 1122 473 1167 de
488 1121 757 1183 principatu.
791 1117 1004 1164 Attamen
1034 1115 1062 1161 si
1082 1113 1141 1161 de
1159 1115 1372 1176 primaeva
1389 1115 1550 1178 populi
1577 1115 1812 1163 voluntate
1828 1112 2008 1176 quaestio
2024 1114 2093 1159 in-

411 1183 555 1238 cidat,
577 1185 600 1213 *
622 1197 713 1228 non
754 1179 831 1227 abs
849 1196 897 1227 te
915 1181 999 1226 erit
1015 1176 1235 1240 populum
1250 1177 1325 1239 qui
1341 1193 1455 1224 nunc
1477 1177 1538 1225 est
1555 1216 1566 1234 ‚
1588 1179 1752 1241 quique
1771 1175 1897 1223 idem
1913 1191 2018 1223 cum
2031 1191 2091 1222 eo

412 1246 610 1311 quiolim
629 1243 714 1291 fuit
725 1243 926 1290 censetur
959 1281 969 1299 ,
992 1240 1116 1288 suum
1130 1239 1258 1300 super
1287 1254 1341 1285 ea
1361 1254 1410 1288 re
1444 1240 1614 1287 sensum
1633 1240 1888 1302 exprimere
1905 1275 1919 1293 ,
1937 1239 2012 1301 qui
2031 1237 2093 1285 se-

182 1355 205 1387 p
411 1308 616 1373 queudus
635 1308 718 1353 etit
737 1306 810 1353 nisi
826 1305 926 1352 satis
942 1317 1071 1351 certo
1086 1301 1259 1349 constet
1274 1301 1387 1348 olim
1418 1302 1553 1349 aliam
1572 1301 1698 1350 fuiffe
1713 1301 1871 1366 populi
1882 1302 2093 1348 volunta-

182 1355 395 1438 fjsss'sfgfsl‘·
413 1389 527 1428 tem,
546 1374 594 1418 δε
611 1387 669 1420 ex
683 1385 736 1416 ea
749 1370 817 1427 jus
832 1367 1076 1432 quaefltum.
1109 1364 1184 1411 Sic
1202 1364 1408 1428 Euphaes
1425 1364 1528 1412 Rex
1542 1365 1777 1413 Meffeniis
1793 1364 1991 1428 permifit
2019 1364 2093 1411 di-

181 1449 266 1481 Ptue.
285 1451 366 1482 dea.
416 1437 581 1498 spicere
593 1449 726 1497 quem
746 1448 802 1478 ex
818 1431 955 1496 regali
972 1428 1290 1490 AEpytidatum
1339 1443 1473 1475 enere
1509 1444 1700 1493 regnare
1736 1440 2003 1490 oporteret:
2035 1428 2089 1474 δε

182 1508 249 1528 ”⁰⁷
265 1496 350 1539 sw-
417 1499 650 1547 deXerxis
667 1498 715 1542 &
734 1494 1031 1542 Artabazanis
1048 1505 1297 1538 controver
1316 1507 1360 1537 ia
1376 1490 1569 1554 populus
1585 1493 1823 1556 cognovit.

183 1543 396 1633 5⁰2⁰}27f22'
483 1561 532 1610 X
545 1561 594 1608 X
607 1559 647 1607 V
667 1557 720 1605 II
735 1558 769 1605 Ι.
805 1557 866 1606 Vt
883 1556 942 1604 ad
960 1555 1046 1603 alia
1062 1555 1292 1601 veniamus
1308 1592 1319 1609 ,
1341 1554 1482 1601 filium
1516 1556 1717 1618 quiante
1737 1554 1862 1616 regni
1879 1551 2093 1614 adeptio-

179 1647 311 1683 ρωπος.
326 1649 388 1684 qq.
417 1641 526 1674 nem
544 1637 672 1672 natus
688 1621 766 1678 est,
783 1624 827 1669 in
844 1635 984 1685 regno
999 1614 1239 1665 individuo
1258 1615 1586 1679 praefetcndum
1605 1656 1616 1674 ,
1634 1618 1675 1664 ei
1692 1618 1830 1680 quiin
1846 1616 1972 1679 regia
1990 1612 2092 1660 for-

185 1692 206 1728 3
224 1695 255 1724 Γ
416 1703 526 1735 tuna
543 1700 672 1733 natus
683 1685 758 1739 est,
778 1687 822 1733 in
840 1685 997 1746 quavis
1014 1677 1295 1729 ihcceffionis
1309 1677 1451 1742 specie
1470 1697 1628 1728 vetum
1645 1680 1718 1728 est.
1738 1679 1865 1726 Nam
1883 1679 1929 1724 in
1945 1680 2090 1742 regno

419 1749 610 1798 dividuo
629 1747 747 1796 haud
763 1747 901 1794 dubie
918 1759 1094 1809 partem
1111 1741 1230 1788 feret
1245 1780 1257 1797 ‚
1273 1744 1387 1789 utin
1406 1743 1538 1790 bonis
1549 1745 1720 1791 caeteris
1744 1743 1787 1789 in
1801 1739 1960 1805 quibus
1979 1757 2091 1786 nun·-

419 1829 556 1877 quam
573 1811 850 1876 distinguitur
861 1826 951 1874 quo
967 1821 1174 1870 tempore
1193 1804 1275 1851 sint
1302 1806 1494 1866 quaesita.
1530 1807 1622 1870 Q
1635 1820 1784 1852 autem
1803 1819 1980 1867 partem
2001 1800 2093 1849 fer,

418 1891 487 1924 ret
502 1878 545 1921 in
562 1874 770 1930 dividu0‚
793 1875 840 1920 δε
856 1875 902 1920 in
931 1869 1169 1918 individuo
1184 1868 1323 1914 aetatis
1339 1870 1577 1933 privilegio
1610 1866 1842 1933 ptaefertur
1859 1883 1870 1915 :
1888 1881 2024 1930 quare
2041 1867 2092 1913 &

417 1938 606 1988 feudum
624 1936 818 1999 sequitur
837 1936 979 1982 filium
997 1933 1068 1996 qui
1087 1946 1188 1978 ante
1198 1933 1395 1993 primam
1423 1933 1680 1981 vestituram
1696 1945 1821 1977 uatus
1836 1929 1910 1976 est.
1930 1927 2024 1976 Sed
2041 1929 2091 1975 &

419 2005 464 2051 in
482 2000 628 2048 lineali
666 1999 937 2048 successione
968 1995 1092 2042 simul
1110 2008 1245 2056 atquc
1263 2009 1453 2058 regnum
1489 1994 1715 2058 quaesitum
1734 1992 1808 2043 est,
1827 1991 1921 2057 spes
1940 1991 2091 2054 aliqua

420 2080 551 2128 parta
568 2062 628 2110 est
647 2064 795 2111 libetis
812 2076 915 2108 ante
928 2060 1043 2107 natis
1067 2074 1078 2104 :
1095 2072 1200 2103 nam
1217 2053 1290 2102 fac
1309 2058 1424 2104 alios
1437 2058 1590 2122 postea
1613 2070 1743 2104 natos
1758 2071 1849 2102 non
1864 2054 1949 2102 effe
1979 2092 1992 2112 ,
2011 2068 2091 2102 no·

420 2144 501 2175 mo
552 2128 639 2174 rius
663 2141 795 2173 natos
811 2119 1122 2170 excludendos
1138 2120 1317 2165 dixerit.
1337 2120 1388 2167 In
1399 2122 1490 2168 hoc
1507 2134 1657 2167 autem
1672 2134 1836 2181 genere
1853 2115 2093 2167 successio-

421 2193 488 2238 nis
505 2144 599 2253 sities
614 2189 748 2237 semel
763 2202 890 2252 parta
907 2188 978 2245 jus
995 2183 1104 2233 facit
1124 2221 1134 2239 ,
1149 2197 1230 2228 nec
1259 2198 1317 2229 ex
1351 2184 1449 2245 post
1467 2183 1588 2231 faCto
1607 2181 1739 2229 cess'at
1762 2218 1774 2236 ,
1794 2179 1870 2227 nisi
1887 2179 2015 2243 quod
2030 2194 2093 2228 ex

419 2253 548 2302 sexus
565 2251 805 2316 privilegio
825 2247 1102 2312 suspenditur
1133 2247 1430 2308 incognatica
1445 2244 1728 2293 sueceffione.
1761 2243 1979 2291 Obtinuit
1996 2243 2090 2291 haec

455 2333 557 2363 uam
575 2315 773 2362 diximus
786 2312 1002 2359 sententia
1016 2312 1060 2355 in
1081 2306 1261 2355 Perside
1279 2309 1395 2354 inter
1413 2308 1592 2370 Cyrum
1611 2311 1635 2338 *
1655 2309 1703 2354 δε
1721 2306 1990 2362 Arficam,in
2015 2307 2090 2354 Iu-

419 2333 514 2427 Raea
528 2380 643 2425 inter
658 2379 944 2439 Antipatrum
961 2370 1166 2419 Herodis
1179 2371 1335 2432 magni
1353 2371 1493 2418 filium
1511 2373 1560 2419 &
1575 2371 1670 2428 ejus
1685 2369 1848 2418 fratres
1867 2390 1881 2427 3
1894 2370 1940 2415 in
1953 2368 2088 2415 Hun-

420 2444 547 2507 gatia
563 2458 666 2488 cum
685 2440 833 2488 Geiffa
851 2451 1042 2501 regnum
1073 2432 1186 2479 adiit
1206 2452 1219 2489 ;
1246 2436 1293 2479 δε
1310 2433 1354 2479 in
1369 2435 1626 2485 Germania,
1649 2449 1740 2480 non
1756 2433 1844 2482 sine
1874 2433 2009 2480 armis
2023 2446 2090 2479 ta·

421 2522 542 2558 men,
561 2509 583 2534 *
606 2506 718 2550 inter
734 2503 967 2551 Ottonem
979 2499 1177 2560 primum
1197 2497 1245 2540 δε
1261 2494 1525 2544 Henricum.

485 2568 629 2615 XXI
648 2566 712 2612 X.
752 2563 896 2626 Qod
923 2575 1074 2607 autem
1107 2556 1137 2603 S
1155 2573 1277 2605 wartae
1303 2560 1432 2607 aliter
1470 2559 1638 2607 fastum
1655 2558 1844 2625 legimus
1862 2597 1874 2615 ,
1910 2574 1967 2604 ex
1983 2557 2088 2622 lege

420 2633 604 2693 proptia
621 2629 682 2676 est
696 2630 791 2688 ejus
804 2625 979 2689 populi,
998 2639 1094 2685 quse
1114 2636 1142 2667 o
1194 2621 1512 2670 educationem
1526 2625 1671 2687 magis
1687 2636 1939 2671 accuratam
1955 2635 2086 2667 natos

421 2697 465 2741 in
478 2709 617 2757 regno
638 2691 922 2755 praeferebat.
960 2685 1089 2731 Idem
1108 2683 1313 2730 accidere
1331 2688 1499 2748 poterit
1529 2701 1585 2732 ex
1644 2687 1826 2735 eculiari
1840 2684 1941 2748 lege
1954 2683 2087 2732 vcsti-

422 2771 527 2803 tutat
546 2758 761 2818 primave:
785 2794 794 2808 ,
818 2754 848 2799 si
867 2749 1109 2812 imperium
1127 2747 1262 2793 detur
1276 2750 1319 2793 in
1337 2747 1525 2795 feudum
1546 2702 1708 2796 vagno
1733 2752 1851 2795 &ex
1867 2763 1925 2793 eo
1946 2745 2088 2793 nasci-

422 2822 533 2866 tum
553 2836 562 2865 :
583 2835 672 2881 quo
690 2829 957 2879 argumento
977 2813 1105 2857 nixus
1136 2809 1317 2856 videtur
1345 2811 1469 2858 fuiffc
1497 2811 1757 2859 Ludovicus
1771 2808 1981 2858 adversus
1991 2810 2088 2856 Ga-

418 2882 602 2927 leatium
624 2881 810 2925 fratrem
831 2881 871 2923 in
897 2873 1203 2921 controversia
1235 2872 1422 2920 ducatus
1456 2874 1815 2922 Mediolanenfis.
1847 2871 1978 2920 Nam
1996 2871 2021 2898 *
2040 2873 2086 2917 in

423 2943 604 2992 Perside
620 2943 797 2989 Xerxes
817 2941 890 3002 qui
904 2952 1066 2984 contra
1097 2935 1285 2981 fratrem
1303 2937 1630 2984 Artabazanem
1666 2937 1859 2984 obtinuit
1876 2949 2085 3000 regnum,

420 3024 469 3053 ut
489 3005 761 3053 Herodotus
774 3018 916 3052 notat,
937 3000 1140 3060 potentia
1161 2999 1319 3045 Atoslb:
1337 3003 1494 3047 mattis
1513 3003 1653 3064 magis
1663 3016 1797 3063 quam
1815 3001 1916 3059 jure
1929 2997 2085 3045 valuit.

419 3069 569 3131 Atque
587 3070 630 3114 in
649 3066 807 3113 cariem
845 3062 1022 3111 Perside
1051 3078 1154 3108 cum
1168 3062 1329 3108 cadem
1352 3063 1503 3123 postca
1519 3063 1827 3110 controvetfia
1842 3075 1943 3108 nata
1959 3059 2083 3115 esset,

418 3147 467 3178 ut
485 3134 572 3189 jam
592 3132 823 3192 attigimus
844 3167 854 3183 ,
874 3129 989 3173 inter
1018 3125 1318 3171 Artaxerxem
1349 3125 1598 3173 Mnemona
1625 3128 1674 3172 ἅτ
1693 3124 1868 3187 Cyrum
1888 3123 2085 3170 Darii&

424 3192 670 3241 Patisarciis
701 3192 816 3238 filios
837 3231 847 3246 ,
882 3190 1155 3236 Artaxerxes
1174 3203 1222 3234 ut
1250 3202 1355 3237 natu
1382 3191 1531 3251 major
1548 3228 1560 3246 ,
1578 3203 1829 3253 quanquam
1844 3188 1889 3233 in
1905 3186 2084 3248 privata

423 3255 603 3302 fortuna
621 3257 806 3314 genitus,
823 3270 903 3299 rex
917 3250 1058 3298 dietus
1078 3251 1153 3297 est.

486 3318 673 3368 XXX.
708 3317 824 3365 Non
859 3332 1003 3364 minus
1033 3316 1257 3378 agitatum
1283 3316 1419 3363 etiam
1451 3313 1579 3364 benis
1598 3314 1821 3381 &pugnis
1852 3310 2084 3419 fingugtri-

2013 3389 2079 3428 us»,
