2380 3917
293 294 363 341 326
700 290 1557 329 DEIVREBELLI

289 359 484 408 stabatur
518 355 560 403 se
576 353 684 401 nihil
703 355 812 416 legis
830 353 1009 400 tollere.
1044 353 1143 400 Lex
1160 368 1310 400 autem
1342 354 1487 414 Molis
1505 392 1516 410 ,
1534 368 1628 415 quae
1658 353 1704 399 in
1722 350 1789 398 his
1816 351 1964 401 rebus,

290 421 505 482 quamdiu
522 417 662 464 stabat
680 417 942 478 respublica,
960 416 1073 462 stare
1087 414 1298 473 debebat,
1315 414 1640 479 magistratibus
1652 413 1799 478 rigide
1814 416 1960 474 impe-

293 482 421 530 rabat
442 520 452 536 ,
473 497 520 527 ut
538 479 787 526 homicidia
806 481 852 524 &
867 480 951 525 alia
969 479 1171 541 quaedam
1191 481 1375 525 crimina
1393 479 1622 538 punirent:
1663 475 1815 523 Exod.
1844 491 1955 530 xxx,

299 559 385 604 145
405 543 549 589 Num.
568 557 776 591 xxxin,
797 553 869 603 14,
894 557 976 605 373
1014 542 1152 590 Dent,
1169 558 1293 588 xx1x
1311 579 1321 596 ,
1347 554 1421 602 13.
1457 539 1598 604 Qod
1621 539 1648 586 fi
1669 538 1960 599 Cliristiprae-

293 622 423 668 cepta
441 604 674 651 consistere
689 620 932 667 potuerunt
948 621 1051 657 cum
1072 605 1170 666 lege
1197 604 1341 650 Mosis
1375 606 1400 632 '¹‘
1437 618 1649 665 quatenus
1667 600 1874 664 supplicia
1888 614 1958 645 et·-

289 673 378 715 iam
397 667 606 728 capitalia
622 666 868 731 irrogabat,
903 671 926 697 *
965 667 1137 728 poffunt
1158 668 1206 712 &
1227 683 1331 713 cum
1347 667 1553 714 humanis
1568 663 1741 729 legibus
1758 662 1959 711 divinam

286 733 370 778 hac
390 733 432 776 in
450 745 576 793 parte
593 729 876 776 imitantibus
892 729 1141 775 consistere.

349 794 398 840 X
418 794 450 838 1.
488 790 599 838 Sunt
617 793 691 853 qui
710 806 757 837 ut
772 793 1045 839 contrariam
1078 790 1339 838 seutentiam
1357 804 1563 839 tueantur
1593 789 1807 836 adferunt
1841 783 1961 832 sum-

286 871 410 903 mam
435 855 519 900 Dei
538 854 768 901 lenitatem
782 856 824 899 in
845 870 970 900 novo
986 853 1140 902 federe
1159 893 1169 909 ,
1190 871 1282 917 quae
1297 853 1486 918 proinde
1511 852 1771 898 hominibus
1792 887 1802 905 ,
1823 849 1961 894 etiam

283 916 633 982 magistratibuS,
654 930 701 962 ut
721 916 1000 964 Deivicariis
1017 915 1233 978 sequenda
1253 917 1300 964 sit
1325 915 1475 978 :quod
1493 915 1772 977 aliquatenus
1801 925 1961 957 verum

284 979 368 1025 effe
382 994 471 1025 non
485 994 703 1040 negamus
737 979 811 1025 sed
831 995 919 1025 non
938 996 1028 1026 tam
1048 979 1136 1025 late
1155 994 1280 1039 patet
1332 996 1433 1025 uam
1452 977 1512 1024 illi
1533 977 1707 1024 volunt.
1722 972 1848 1020 Nam
1870 971 1960 1018 Dei.

280 1044 435 1106 ingens
451 1041 759 1089 misericordia
774 1045 818 1089 in
833 1058 958 1089 novo
977 1041 1130 1088 federe
1150 997 1371 1103 patefaita
1388 1080 1398 1096 ,
1418 1041 1633 1105 ptaecipue
1667 1035 1832 1100 spectat
1852 1050 1960 1096 pec-

285 1121 385 1151 cata
398 1120 560 1151 contra
578 1106 837 1166 primaevam
855 1106 1003 1168 legem
1027 1143 1037 1160 ,
1058 1118 1132 1151 aut
1148 1106 1284 1152 etiam
1315 1119 1474 1150 contra
1493 1102 1639 1167 legem
1670 1099 1816 1146 Molis
1831 1113 1958 1144 com-

285 1166 411 1214 missa
423 1182 526 1213 ante
544 1181 780 1229 acceptam
800 1167 1029 1230 Euangelii
1046 1168 1273 1215 notitiam,
1295 1166 1386 1213 Ast.
1404 1181 1491 1213 xvi
1509 1182 1548 1220 1,
1578 1166 1635 1229 36
1654 1183 1668 1220 3
1703 1163 1846 1210 Rom.
1885 1174 1959 1215 11,

286 1244 349 1291 25
369 1249 384 1288 3
421 1228 517 1276 Aft.
536 1244 683 1282 xtn,
706 1228 762 1294 38
785 1250 800 1283 ς
833 1230 979 1277 Hebr.
1001 1246 1073 1284 nt,
1095 1243 1150 1290 15
1172 1264 1184 1276 .
1219 1227 1344 1276 Nam
1366 1245 1459 1290 qua·
1477 1227 1626 1289 postea
1668 1225 1962 1272 committun-

287 1307 378 1348 tur,
395 1290 636 1354 praesertim
654 1291 683 1337 fi
704 1291 817 1338 adlit
834 1295 1135 1347 contumacia,
1154 1293 1558 1340 comminationem
1580 1287 1743 1335 habent
1778 1286 1804 1311 '⁶¹
1841 1283 1962 1344 judi-

288 1357 345 1402 cii
361 1356 508 1400 multo
527 1353 778 1410 severioris,
798 1372 931 1418 quam
948 1354 1056 1401 illud
1076 1354 1160 1402 fuit
1175 1355 1302 1417 quod
1321 1369 1399 1416 per
1416 1351 1600 1399 Molem
1616 1351 1677 1397 est
1694 1348 1958 1403 institutum,

289 1416 437 1465 Hebr.
459 1432 535 1473 11,
555 1430 611 1482 23
635 1431 742 1474 31v,
760 1435 806 1469 x,
826 1430 917 1479 295
945 1418 1114 1464 Matth.
1136 1434 1181 1473 v,
1199 1431 1255 1464 21
1275 1455 1286 1472 ,
1306 1430 1381 1471 22,
1400 1414 1475 1464 28.
1494 1430 1635 1479 neque
1658 1427 1767 1458 vero
1784 1413 1828 1457 in
1849 1410 1962 1457 alte-

286 1496 335 1527 ra
348 1495 525 1525 tantum
546 1477 738 1533 vira,sed
753 1481 800 1526 &
817 1481 858 1526 in
875 1481 958 1526 hac
976 1479 1065 1542 ipsa
1082 1482 1129 1526 in
1143 1481 1250 1526 tales
1268 1479 1420 1541 culpas
1442 1479 1565 1525 Deus
1585 1492 1673 1522 non
1690 1489 1795 1521 raro
1817 1475 1963 1519 anim-

288 1542 503 1596 advertit,
526 1558 546 1588 ι
571 1540 782 1595 Coram,
806 1555 880 1601 30.
920 1543 980 1589 At
995 1544 1152 1590 talium
1172 1541 1428 1589 facinorum
1444 1540 1718 1602 indulgentia
1740 1552 1828 1582 non
1845 1534 1961 1581 soler

287 1606 520 1668 impetrati
537 1642 548 1659 ,
569 1609 592 1634 *
611 1603 685 1650 nifi
707 1599 959 1666 ipse‘homo
974 1606 1031 1652 de
1046 1604 1086 1652 se
1101 1606 1218 1668 quali
1238 1621 1387 1669 poenas
1398 1617 1614 1667 exegerit,
1638 1617 1657 1646 1
1681 1599 1796 1646 Cot.
1814 1613 1892 1652 x1,
1913 1612 1963 1662 33

288 1668 419 1731 gravi
435 1666 636 1728 quodam
652 1683 865 1722 moerore,
890 1685 910 1715 1
924 1685 943 1715 1
963 1667 1081 1715 Cor.
1103 1685 1122 1715 1
1137 1684 1176 1726 1,
1192 1681 1267 1713 27.
1301 1666 1475 1729 Vrgent
1490 1665 1628 1711 iidem
1647 1662 1799 1709 saltem
1817 1661 1964 1723 poeni-

291 1731 431 1776 tentia
448 1728 590 1776 duffis
609 1729 805 1775 dandam
820 1732 1160 1791 impunitatem.
1193 1729 1285 1777 Sed
1305 1746 1353 1776 ur
1368 1730 1581 1775 omittam
1611 1727 1670 1772 de
1689 1740 1797 1771 vera
1824 1722 1963 1786 poeni-

294 1794 435 1838 tentia
451 1789 705 1838 hominibus
722 1795 800 1838 vix
818 1793 902 1839 esse
919 1808 968 1839 ut
984 1793 1156 1839 constet
1173 1832 1184 1848 ,
1206 1809 1286 1838 nec
1298 1807 1568 1854 quemquam
1590 1805 1678 1834 non
1696 1790 1877 1849 impune
1887 1783 1964 1831 sua

294 1853 534 1900 malefasta
553 1855 748 1900 laturum
767 1855 795 1900 fi
810 1871 911 1901 eam
926 1859 1085 1917 quovis
1103 1855 1250 1902 modo
1270 1854 1470 1918 profiteri
1488 1851 1667 1900 sufficiat
1687 1887 1696 1900 ,
1721 1852 1846 1898 Deus
1869 1846 1960 1909 ipse

292 1932 383 1962 non
413 1915 583 1978 semper
615 1918 876 1978 paenitentia
901 1918 1045 1964 ductis
1078 1934 1265 1965 ornnem
1297 1918 1487 1963 remittit
1521 1929 1713 1979 poenam.
1748 1911 1872 1975 quod
1890 1909 1960 1956 vel

297 1978 491 2026 Davidis
507 1980 718 2041 exemplo
731 1996 927 2043 apparet.
964 1980 1089 2027 Sicut
1107 1997 1220 2042 ergo
1237 1996 1415 2042 poenam
1429 1979 1539 2042 legis
1557 2015 1568 2033 ,
1585 1977 1632 2024 id
1659 1975 1720 2022 est
1760 1987 1963 2020 mortem

294 2041 541 2087 violentam
559 2056 634 2087 aut
652 2042 820 2105 alioqui
839 2044 1127 2090 immaturam
1146 2038 1380 2090 remittere
1395 2042 1541 2105 potuit
1563 2040 1704 2093 Deus,
1723 2039 1789 2084 ita
1801 2052 1847 2083 ut
1866 2050 1962 2081 non

294 2102 467 2149 levibus
488 2103 617 2149 malis
633 2103 833 2151 afficeret
850 2121 954 2153 cum
971 2107 1094 2166 quid
1124 2107 1339 2170 liquerat,
1381 2105 1406 2133 *
1441 2106 1496 2152 fic
1531 2117 1642 2148 nunc
1677 2115 1860 2165 quoque
1875 2113 1962 2161 po-

57 2173 168 2217 Synefi
186 2174 244 2219 ερ.
296 2166 376 2212 test
397 2182 574 2226 poenam
595 2168 829 2213 remittere
847 2170 1008 2214 mortis
1025 2185 1196 2216 aetetnae
1215 2183 1348 2230 atque
1366 2169 1544 2214 interim
1557 2176 1863 2227 peccatorem,
1883 2174 1958 2206 aut

58 2231 122 2265 44-
294 2244 445 2296 morte
467 2229 701 2275 immatura
717 2228 808 2294 ipse
824 2232 994 2293 punire,
1011 2247 1086 2278 aut
1106 2234 1218 2280 velle
1236 2233 1372 2279 etiam
1389 2246 1437 2278 ut·
1469 2230 1525 2276 sic
1554 2243 1633 2290 per
1651 2224 1959 2289 magistratum

291 2305 511 2354 puniatur.

361 2352 410 2399 X
434 2354 449 2397 1
469 2353 498 2397 l.
535 2351 726 2399 Rursum
738 2353 809 2400 alii
825 2354 915 2402 hoc
932 2357 1136 2403 accusarit
1152 2357 1278 2420 quod
1303 2373 1407 2403 cum
1439 2358 1529 2404 vita
1551 2352 1674 2402 simul
1695 2349 1878 2413 spatium
1898 2345 1960 2393 ad

291 2414 606 2477 poenitendum
627 2416 893 2475 praeciditur.
929 2418 1022 2466 Sed
1054 2421 1194 2466 sciunt
1218 2421 1347 2479 hujus
1372 2420 1435 2465 rei
1459 2423 1486 2466 a
1521 2418 1601 2480 piis
1627 2407 1961 2478 magistratibus

295 2476 520 2524 summam
555 2478 708 2525 haberi
736 2482 957 2526 rationem
977 2520 988 2538 ,
1013 2498 1093 2529 nec
1126 2498 1401 2551 quemquam
1421 2482 1480 2528 ad
1497 2479 1755 2542 supplicium
1773 2473 1868 2534 rapi
1884 2469 1961 2517 nifi

295 2540 408 2608 dato
443 2555 651 2601 tempore
686 2558 778 2603 quo
815 2559 997 2605 peccata
1030 2544 1102 2591 lira
1138 2548 1379 2609 agnolcere
1411 2561 1462 2591 ac
1490 2541 1608 2590 serio
1625 2539 1833 2587 detestari
1856 2531 1962 2599 pos·

296 2608 372 2649 11t:
407 2606 430 2632 *
469 2602 644 2663 qualem
680 2607 984 2666 poenitentiam
1017 2643 1026 2656 ‚
1061 2605 1227 2654 etiamsi
1254 2623 1393 2655 onera
1426 2621 1578 2654 morte
1612 2599 1844 2650 interclusa
1867 2611 1961 2643 non

295 2665 531 2734 sequantur
552 2701 560 2714 ‚
599 2681 827 2727 acceptam
867 2667 973 2714 Deo
1008 2669 1091 2715 esse.
1142 2669 1232 2715 offe
1251 2710 1261 2725 ,
1287 2656 1484 2717 ‘latronis
1519 2683 1622 2714 cum
1651 2663 1834 2712 Christo
1858 2675 1962 2706 cru·

296 2726 415 2774 cifixi
451 2728 706 2789 exemplum
727 2730 901 2789 probat.
942 2731 1082 2787 Quod
1101 2687 1320 2780 lidicatur
1337 2734 1480 2779 vitam
1495 2730 1754 2793 longiorem
1788 2724 1845 2771 ad
1865 2737 1962 2768 rna-

297 2791 364 2858 gis
405 2788 561 2835 seriam
596 2790 937 2853 relipiscentiam
972 2792 1175 2855 prodesse
1210 2795 1400 2857 potuisse
1415 2831 1426 2848 ,
1464 2791 1542 2839 res
1564 2789 1724 2837 ouderi
1759 2786 1929 2851 poterit
1947 2820 1959 2839 ,

299 2852 485 2896 inveniti
513 2853 743 2898 interdum
767 2891 777 2907 ‚
799 2854 957 2914 quibus
976 2858 1140 2903 merito
1162 2856 1252 2902 dici
1272 2855 1407 2919 poffit
1440 2855 1466 2883 *
1498 2854 1527 2900 il
1548 2853 1606 2900 ud
1627 2848 1963 2910 Scnecaechod

44 2919 86 2953 L.
105 2921 165 2954 ide
207 2924 263 2956 Ira
299 2932 419 2958 unum
454 2916 590 2959 honum
623 2918 698 2959 tibi
720 2919 888 2976 fi‘P‘TCft
912 2922 1249 2978 repraesemabinms
1265 2936 1427 2964 morrem
1447 2954 1456 2967 ,
1471 2931 1520 2962 ut
1538 2919 1586 2961 δί
1603 2914 1711 2963 illud
1732 2911 1961 2971 ejusdem:

45 2968 149 3055 ii?
300 2994 372 3042 qqo
406 2995 479 3020 uno
512 2981 620 3020 modo
648 2981 793 3033 possunt
812 2978 996 3041 ”defimmf
1031 2984 1124 3025 mali
1156 2985 1217 3035 eff}
1235 2999 1249 3036 3
1275 2978 1401 3042 quod
1437 2979 1644 3026 Eusebius
1669 2973 1961 3039 philosophUS

131 3038 141 3045 .
299 3036 514 3082 dixerat:
552 3033 683 3085 'tn-dola}
713 3038 766 3092 ἐχ
795 3056 859 3078 mov
889 3055 925 3078 ‘tt
956 3037 1070 3085 ἄλλως
1098 3041 1290 3097 ›geth-004
1318 3035 1362 3082 εἶν
1396 3036 1590 3096 ηιῗτξὸπῳ
1621 3038 1873 3082 λ’πλυὲἕιπς
1907 3033 1963 3071 τέ

299 3095 446 3144 ὲνζᾷὖθκ
478 3099 608 3151 δὶσμέ
635 3101 692 3143 ’ἧς
720 3100 857 3142 κακίας
878 3101 1061 3161 ποςιύωυῧ
1086 3101 1214 3155 <purim
1250 3101 1361 3148 Haec
1373 3117 1502 3166 ergo,
1523 3100 1651 3159 ss1psa
1669 3117 1721 3147 ca
1737 3116 1830 3164 quae
1849 3109 1964 3156 ope-

299 3160 356 3203 ri5
391 3161 522 3205 initio
561 3160 757 3205 diximus
780 3198 789 3210 ,
825 3159 1027 3222 responsa
1078 3163 1203 3209 sunto
1238 3164 1320 3210 illis
1347 3167 1419 3227 qui
1454 3163 1665 3223 liipplicia
1693 3177 1769 3208 aut
1805 3158 1966 3206 omnia

298 3235 372 3265 aut
397 3222 601 3282 capitalia
617 3221 704 3266 fine
725 3222 811 3266 ulla
834 3226 1099 3284 exceptione
1117 3224 1381 3273 Christianis
1398 3225 1626 3289 prohibita
1645 3225 1801 3269 volunt
1820 3258 1828 3273 ‚
1849 3234 1966 3266 con-

300 3295 364 3327 tra
383 3298 516 3344 quam
535 3299 617 3329 nos
635 3283 875 3347 Apostolus
893 3286 1033 3333 docet
1051 3287 1126 3347 qui
1144 3303 1247 3333 cum
1265 3291 1394 3352 regio
1428 3287 1584 3334 officio
1602 3285 1726 3334 usum
1741 3283 1881 3348 gladii
1886 3283 1968 3388 1ilii--

1778 3343 1882 3394 cluli
1918 3357 1966 3387 et
