2380 3917
398 309 468 347 188
787 307 1655 347 DEIVREBELLI

394 377 625 429 naturalis,
643 376 687 422 in
704 375 840 423 bonis
856 389 1022 445 nempe
1038 375 1185 421 avitis.
1201 373 1309 421 Nec
1323 373 1475 423 obstat
1490 377 1620 438 quod
1637 375 1730 425 hoc
1738 377 1809 438 jus
1823 379 1870 427 in
1883 380 2082 432 fratrum

165 471 250 503 mv.
268 464 347 502 118.
394 446 495 492 filiis
511 442 706 493 weardpuor
722 453 861 486 vocat
877 436 1138 484 Iustinianus
1156 453 1167 485 :
1205 437 1257 484 id
1267 439 1389 484 enirn
1403 435 1518 485 facit
1549 454 1643 487 non
1660 442 1840 489 ratione
1854 443 2012 493 habita
2027 462 2086 493 κ-

396 507 582 570 quitatis
602 503 831 559 naturalis,
854 498 932 547 sed
946 501 1058 559 juris
1070 499 1241 562 antiqui
1261 498 1604 549 Romanorum.
1638 501 1960 556 Percurramus
1974 509 2087 558 alias

395 569 655 636 quaestiones
676 583 787 628 quas
803 562 983 627 profert
997 562 1221 609 Emanuel
1240 560 1398 611 Costa.

458 633 507 681 X
527 630 576 678 X
593 629 680 676 XI
699 631 734 677 1.
772 626 988 675 Defunsti
1007 624 1160 673 fratris
1186 625 1345 683 filium,
1359 640 1439 674 aut
1453 628 1596 676 etiam
1624 627 1764 677 filiam
1780 645 1947 694 patruo
1963 634 2086 698 regis

163 705 200 739 L
215 703 338 736 Tutels·
395 694 595 763 pra‘ferri
613 695 674 740 ait
701 691 847 741 :reete
868 728 876 741 ‚
892 706 985 736 non
996 690 1042 736 in
1053 689 1201 736 lineali
1218 703 1396 737 tantum
1413 689 1687 739 successione
1703 729 1716 749 ,
1734 692 1812 741 sed
1829 695 1939 744 &in
1951 695 2086 744 here-

161 748 286 806 s-s‘dfi
301 757 349 830 ⁸2·
396 761 572 812 dimna,
590 757 635 802 in
651 757 797 822 regnis
815 753 893 801 ubi
909 752 1078 800 subitio
1108 752 1325 800 inlocum
1343 755 1516 801 mortui
1531 752 1796 803 obler‘vatur
1814 772 1827 804 :
1859 774 1951 805 non
1965 755 2084 809 item

159 800 358 889 ΐῖξξρήῖ
394 829 439 873 in
455 820 602 888 regnis
621 838 714 884 quae
734 817 883 867 verbis
901 815 1088 880 praecifis
1105 814 1301 882 gradum
1315 817 1566 866 naturalem
1577 817 1775 881 spestant
1791 836 1803 869 :
1822 819 1868 868 in
1877 820 1948 870 his
1960 824 2083 872 enim

161 893 233 927 ⁶⁸³·
393 891 544 936 vincet
564 887 639 947 qui
660 884 765 930 sexu
779 897 853 929 aut
870 895 1001 927 aetate
1018 879 1106 927 erit
1123 880 1299 944 potior.

456 949 506 998 Χ
524 949 573 996 Χ
588 947 703 995 XII
720 946 756 993 1.
789 943 940 996 Addit
957 958 1174 1006 nepotem
1189 958 1248 990 ex
1263 942 1358 990 filio
1372 942 1468 992 filiae
1487 942 1688 1005 praeferri
1705 961 1718 994 ε
1746 943 1867 994 reste
1882 985 1894 1004 ,
1937 947 2003 996 ob
2016 947 2083 997 se-

392 1030 502 1063 xum
524 1013 689 1060 scilicet
713 1025 847 1058 :cum
863 1007 947 1053 hac
960 1008 1232 1070 exceptione
1252 1044 1264 1063 ‚
1282 1007 1359 1054 nifi
1376 1007 1556 1070 quaestio
1574 1007 1626 1056 lit
1638 1010 1683 1056 in
1700 1024 1754 1056 ea
1772 1011 1962 1073 regione
1986 1029 2082 1077 quae

393 1078 532 1127 etiam
550 1077 664 1122 inter
682 1073 851 1120 liberos
869 1069 1063 1135 gradum
1081 1068 1230 1116 solum
1247 1068 1428 1132 spectet.

458 1140 510 1187 X
526 1139 575 1187 X
588 1138 637 1184 X
655 1137 678 1184 I
696 1136 749 1184 V.
789 1134 963 1196 Adjicit
980 1134 1207 1181 minorem
1238 1148 1458 1198 nepotem
1491 1149 1550 1180 ex
1567 1131 1662 1180 filio
1691 1133 1893 1198 praeferri
1909 1140 2078 1202 ‚nepoti

394 1205 564 1264 majori
580 1219 637 1250 ex
652 1201 742 1248 filia
759 1202 813 1259 3*
833 1196 961 1262 quod
975 1197 1021 1242 in
1040 1197 1186 1244 lineali
1201 1199 1442 1261 cognatica
1459 1194 1729 1245 succeffione
1742 1214 1906 1247 verum
1919 1200 1982 1249 est
1999 1241 2012 1260 ,
2030 1203 2078 1249 in

391 1265 670 1316 hereditaria
688 1279 781 1311 non
796 1264 927 1316 item,
945 1258 1021 1306 nili
1038 1260 1112 1307 lex
1129 1259 1328 1323 specialis
1344 1259 1626 1309 ostendatur.
1647 1258 1752 1308 Nec
1769 1264 1894 1309 ratio
1908 1263 2076 1328 allega-

392 1346 440 1380 ta
455 1328 630 1385 sufficit,
648 1328 753 1390 quia
769 1339 900 1390 pater
912 1323 1049 1384 hujus
1064 1323 1182 1372 illius
1199 1340 1397 1373 matrem
1414 1322 1564 1371 fuerat
1581 1322 1840 1373 exclusurus
1857 1326 1938 1375 :id
1955 1330 2082 1376 enim

394 1391 604 1446 evenisset
623 1389 687 1436 ob
706 1388 1000 1454 pra-stantiam
1015 1402 1142 1435 mere
1160 1386 1444 1450 personalem
1458 1403 1554 1451 quae
1571 1401 1663 1433 non
1680 1388 1850 1436 tranfit.

459 1458 510 1505 X
527 1454 578 1501 X
593 1453 644 1501 X·
659 1452 703 1501 V
715 1488 727 1501 .
757 1450 903 1514 Qod
918 1447 1048 1498 addit
1067 1450 1346 1500 verisimilius
1368 1450 1447 1499 fibi
1481 1449 1628 1497 videri
1646 1488 1659 1506 ,
1677 1463 1729 1497 ut
1741 1453 1887 1514 neptis
1905 1468 1964 1500 ex
1979 1451 2076 1501 filio

168 1518 188 1551 Τ
212 1517 340 1564 ll‘fi22·
397 1517 708 1587 primogenito
725 1515 868 1563 filium
885 1513 1099 1561 excludat
1115 1552 1129 1572 ,
1159 1516 1207 1561 in
1231 1515 1383 1577 regnis
1417 1511 1701 1561 hereditariis
1719 1515 1812 1570 reci
1844 1516 1968 1564 inon
1985 1532 2078 1582 po-

162 1574 222 1604 ²'¹·
238 1564 339 1646 ‘’¹¹³’,1
375 1636 384 1649 ,
403 1585 499 1641 test,
515 1584 652 1629 etiam
671 1577 854 1627 admissa
867 1578 913 1623 in
931 1578 1081 1624 vicem
1094 1580 1266 1625 mortui
1282 1576 1503 1625 subitione
1527 1590 1605 1624 :ea
1618 1577 1742 1622 enirn
1757 1592 1784 1624 e
1834 1579 1912 1637 cit,
1933 1594 1985 1628 ut
2001 1596 2079 1627 ca·

159 1614 306 1656 Ponr.cup
348 1619 369 1656 9

159 1658 294 1703 afflat.
314 1670 376 1695 ai.
403 1666 492 1713 pax
508 1646 561 1693 fit
576 1641 890 1692 successionis:
920 1638 998 1687 sed
1021 1641 1139 1687 inter
1171 1656 1358 1706 capaces
1387 1639 1539 1690 valere
1567 1637 1707 1687 debet
1736 1637 1865 1690 sexus
1891 1641 2080 1707 privile-

158 1708 253 1750 col.5,
270 1720 301 1741 n.
322 1717 381 1743 20,
399 1715 543 1778 giuth-

160 1753 201 1785 de
212 1764 330 1788 natura

155 1799 283 1844 μκή,
298 1806 357 1836 Λ,
465 1771 578 1822 XX
593 1770 643 1818 X
659 1767 703 1817 V
721 1767 759 1815 Ι.
790 1764 818 1815 †
833 1767 986 1877 AtRue
999 1765 1108 1814 ideo
1142 1768 1169 1796 ’⁸
1200 1767 1247 1814 in
1266 1766 1523 1834 Arragoniae
1549 1781 1692 1831 regno
1708 1765 1824 1815 filius
1840 1764 2013 1816 sororis
2023 1769 2079 1816 fi·

156 1850 261 1892 gum.
275 1850 359 1895 apat.
393 1841 459 1887 liae
478 1834 630 1884 fratris
648 1831 854 1895 praelatus
873 1847 898 1877 e
937 1863 950 1876 .

164 1906 195 1929 n.
207 1893 266 1931 82.
457 1900 507 1949 X
522 1898 572 1946 X
585 1894 635 1942 X
653 1895 696 1942 V
712 1895 782 1943 11.
818 1891 1120 1956 Eandemque
1134 1891 1193 1941 ad
1207 1893 1401 1941 modum
1424 1896 1470 1941 in
1486 1893 1635 1958 regnis
1653 1890 1937 1942 hereditariis
1951 1890 2074 1956 post-

393 1961 605 2029 ponenda
621 1960 707 2007 erit
720 1958 811 2006 filia
828 1956 983 2005 fratris
999 1957 1188 2004 maximi
1204 1973 1326 2014 natu,
1346 1955 1477 2005 fratri
1494 1956 1612 2022 regis
1627 1971 1736 2008 natu
1750 1955 1939 2006 minori.

807 2087 1110 2150 Annotata
1144 2082 1220 2146 ad
1275 2083 1476 2166 Caput
1504 2105 1637 2146 v11.

160 2209 201 2262 §-
218 2217 261 2256 10
523 2227 616 2278 Eges
634 2217 825 2277 quasdam
841 2215 971 2257 civiles
986 2215 1005 2273 ]
1022 2210 1088 2259 Vt
1104 2210 1215 2258 olim
1251 2209 1373 2273 apud
1391 2210 1565 2276 Anglos
1582 2249 1596 2267 ,
1630 2210 1901 2259 Armoricos
1918 2248 1930 2268 ‚
1949 2209 2076 2258 Sicu-

394 2219 509 2376 L
524 2280 612 2326 los.
629 2278 774 2326 Vetus
784 2275 886 2322 talis
898 2274 1009 2340 legis
1043 2276 1089 2321 in
1103 2274 1279 2321 Graecia
1295 2275 1470 2320 mentio
1499 2271 1621 2334 apud
1653 2273 1902 2337 Sopatrum
1919 2275 1968 2320 &
1986 2273 2076 2336 Sy-

530 2343 704 2388 sianum
721 2342 765 2386 in
777 2337 1093 2399 Hermogene.
1112 2334 1393 2386 Christianus
1410 2351 1493 2384 rex
1512 2337 1687 2394 Daniae,
1702 2337 1803 2401 lege
1819 2336 1879 2384 de
1895 2335 2087 2386 musta--

395 2422 562 2472 gotum
582 2404 716 2451 bonis
728 2401 1021 2450 confiscandis
1040 2401 1280 2466 abrogata,
1300 2398 1484 2448 dicebat
1500 2399 1580 2447 fibi
1594 2389 1769 2463 periisse
1779 2416 1921 2447 annua
1937 2416 1978 2447 c.
1995 2415 2076 2447 au-

396 2486 581 2518 reorum
599 2467 753 2514 millia.
773 2465 984 2512 meminit
1001 2465 1050 2511 &
1065 2463 1260 2526 Brigitta
1276 2463 1384 2510 mali
1400 2463 1532 2524 hujus
1549 2465 1695 2511 moris
1710 2478 1765 2511 v1
1778 2479 1796 2509 1
1808 2479 1828 2510 1
1839 2464 1899 2519 ,6.
1917 2465 1967 2510 &
1981 2461 2077 2526 spe·

394 2535 545 2581 culum
566 2531 843 2578 Saxonicum
866 2544 887 2574 1
901 2544 941 2585 1,
959 2540 1038 2590 29,
1057 2526 1117 2574 de
1138 2527 1287 2574 Dania
1304 2542 1465 2592 agens:
1501 2527 1550 2574 δε
1562 2542 1603 2573 c.
1620 2527 2073 2575 Excommunicatio-

396 2598 463 2644 nis
477 2595 536 2642 de
547 2611 594 2642 ra
629 2591 818 2641 toribus.
853 2591 981 2638 Tum
1001 2605 1114 2638 vero
1134 2587 1385 2638 Crantzius
1411 2588 1773 2639 Vandalicorum
1803 2604 1927 2640 x111
1953 2627 1965 2647 ,
1982 2603 2073 2653 40.

394 2675 503 2715 11v,
526 2674 563 2705 1.
581 2611 836 2705 gromerus
854 2654 1188 2703 Polonicorum
1205 2666 1321 2700 xxr.

468 2727 629 2784 Spoliare
638 2723 742 2782 quod
751 2738 868 2780 genus
884 2722 936 2777 est
949 2721 1058 2778 nefas
1076 2720 1097 2773 ]
1117 2714 1252 2764 Adde
1270 2715 1328 2764 L.
1349 2716 1518 2779 nequid
1535 2755 1546 2773 ,
1565 2715 1700 2765 D-de
1712 2715 1922 2763 incendio
1945 2753 1958 2772 ,
1977 2716 2074 2763 rui-

402 2800 461 2830 na
476 2822 485 2833 ,
518 2783 770 2833 naufragio.
819 2780 1014 2828 Nicetas
1046 2778 1302 2826 Choniates
1333 2781 1379 2830 in
1402 2780 1652 2827 Andronici
1693 2781 1887 2842 imperio
1933 2794 2073 2827 vocat

399 2847 497 2893 ²0&-
514 2844 755 2895 σίλονώῖξιῖφν·
789 2843 897 2890 vide
916 2845 964 2890 &
983 2841 1313 2890 Caffiodorum
1335 2858 1409 2900 1v‚
1429 2860 1477 2899 7.
1497 2841 1624 2906 Qd
1640 2844 1686 2889 in
1709 2857 1911 2889 mentem
1944 2845 2073 2890 venit

400 2907 585 2956 Bodino
607 2946 617 2963 ,
637 2923 686 2953 ut
704 2906 808 2953 talia
825 2905 1095 2954 defenderet
1114 2907 1135 2952 ?
1164 2905 1289 2952 idem
1308 2905 1475 2953 scilicet
1498 2907 1576 2969 qui
1609 2905 1901 2968 Papinianum
1916 2920 2073 2971 repre-

401 2971 576 3025 hendit,
595 2969 718 3032 quod
735 2970 856 3015 mori
873 2986 1009 3032 quam
1027 2968 1346 3016 conscientiam
1362 2968 1523 3016 laedere
1540 2969 1768 3017 maluerit.

172 3020 209 3075 5.
228 3040 245 3070 1
259 3040 302 3073 1.
465 3035 593 3081 Aliud
607 3036 837 3079 tantundem
849 3037 980 3078 valens
1000 3035 1021 3088 ]
1057 3031 1175 3079 Vide
1224 3048 1287 3080 uae
1308 3031 1429 3079 infra
1463 3031 1583 3079 libro
1620 3047 1640 3078 1
1654 3047 1706 3077 11
1723 3069 1734 3087 ,
1769 3047 1814 3078 c.
1837 3046 1949 3088 v11,
1971 3034 2073 3095 §.6-

397 3098 474 3145 Sic
491 3096 586 3161 ipso
605 3109 767 3141 naturae
783 3095 879 3152 jure
896 3093 1103 3142 defendit
1134 3094 1210 3141 He
1246 3110 1358 3143 raeos
1382 3094 1573 3143 Irenaeus
1603 3093 1731 3158 quod
1747 3096 1793 3141 in
1806 3094 2071 3158 compensa-

399 3163 572 3208 tionem
590 3173 739 3221 operae
756 3170 826 3202 res
844 3157 1167 3220 AEgyptiorum
1184 3160 1397 3218 ceperint.
1416 3163 1588 3225 AEgyptii
1600 3165 1701 3205 enim
1721 3172 1733 3214 ·,
1751 3159 1897 3220 inquit
1915 3195 1928 3214 ‚
1940 3163 2079 3220 populi

402 3240 520 3269 erant
536 3226 719 3268 debitores
733 3239 806 3266 non
815 3223 936 3277 fhlum
951 3239 1081 3265 rerum
1099 3225 1169 3280 fi’d
1207 3220 1258 3271 ὅ
1284 3229 1371 3267 vito
1381 3225 1473 3282 sua.
1504 3220 1815 3268 Tertullianus
1831 3219 1957 3267 idem
1974 3235 2072 3267 tra-

401 3286 523 3333 &ans
538 3281 732 3332 secundo
752 3280 964 3328 adversus
980 3281 1267 3329 Marcionem
1285 3301 1298 3332 2
1315 3288 1524 3346 Reposcunt
1539 3290 1711 3347 AEgyptii
1727 3287 1773 3328 de
1789 3287 1952 3329 Hebraeis
1969 3287 2069 3341 vasa

404 3368 517 3397 aurea
535 3353 583 3407 ξς
592 3363 791 3411 argentea·
823 3353 970 3393 Contra
985 3347 1130 3397 Hebras'
1143 3362 1298 3393 mutuas
1325 3353 1525 3410 petitiones
1548 3351 1753 3406 instituunt
1777 3350 1983 3407 allegantes
1993 3346 2068 3403 fibi

1885 3412 2071 3454 mercedes
