2380 3917
1055 373 1480 418 INDEX.

438 446 559 503 Legis
572 446 761 490 conditor
780 459 831 489 an
845 445 880 489 se
896 447 1053 505 obliget
1067 475 1079 494 .
1098 450 1140 490 δι
1157 460 1254 501 qna-

495 516 625 545 tenus.
1076 513 1252 556 i4z,331

442 559 525 600 Lex
560 560 727 599 Hebraea
754 572 801 598 an
834 558 1048 611 prohibeat
1077 556 1258 599 divortia

494 617 539 657 ἀ
555 614 815 655 matrimonia
845 613 1023 666 plurium
1055 625 1246 654 uxorum.

1178 681 1192 707 1
1236 669 1256 704 8

441 723 483 765 in
515 723 626 779 Lege
664 722 812 777 poenali
845 721 1091 776 dispensandi
1133 676 1258 763 cauiae

524 792 594 819 uae.
1176 790 1250 829 33¹

443 792 571 888 [εἶχε
600 833 774 886 poeuales
788 843 856 873 aut
892 832 1085 873 coafflvae
1114 832 1257 873 locum

506 901 589 929 non
620 888 765 929 habent
793 887 901 929 circa
930 889 1043 929 aetus
1074 888 1261 941 Regum,

1076 956 1097 980 2
1107 947 1170 993 56.
1179 955 1201 982 2
1214 952 1233 990 5
1236 956 1260 991 7

447 995 579 1050 Leges
596 996 791 1038 Romanae
806 997 854 1038 de
870 997 1155 1038 contrafflbus.
1181 1008 1225 1035 21
1238 1010 1260 1036 2

449 1051 579 1110 Leges
595 1052 881 1094 Romanorum
896 1054 1076 1108 poenales
1104 1053 1145 1095 in
1174 1067 1260 1107 quo

504 1119 663 1159 iniquae.
1182 1122 1203 1147 2
1209 1123 1259 1161 32

450 1160 577 1215 Leges
594 1174 680 1213 quae
694 1161 892 1217 obligent.
1178 1170 1261 1213 604

447 1216 576 1270 Leges
590 1220 610 1256 a
624 1216 863 1261 Christianis
880 1217 976 1260 ferri
991 1217 1139 1272 poffent
1155 1218 1260 1260 fimi-

502 1274 559 1312 les
577 1273 807 1325 Hebraicis,
825 1274 897 1315 nili
913 1274 1038 1317 trium
1054 1275 1263 1317 causarum

501 1327 636 1381 aliqua
647 1328 787 1369 obstet.
1235 1343 1260 1378 9

448 1381 578 1439 Leges
591 1384 632 1424 ὅ(
648 1385 880 1426 contractus
907 1381 1063 1427 misceri
1093 1383 1261 1439 possunt.

1182 1451 1208 1481 2
1238 1456 1263 1487 9

449 1493 579 1548 Leges
593 1506 676 1535 non
686 1506 827 1542 omnes
842 1493 1043 1550 obligant.
1167 1453 1261 1538 ibiii.

448 1550 580 1603 Leges
596 1562 684 1602 quae
714 1549 932 1592 validiores
959 1550 986 1592 fi
1008 1551 1099 1593 casu
1124 1550 1267 1592 confli-

502 1614 612 1657 gant.
1182 1618 1262 1658 394

447 1656 580 1714 Leges
593 1657 816 1700 interficere
840 1659 1000 1714 aliquos
1027 1659 1262 1712 permitten-

501 1724 562 1754 tes
604 1714 768 1767 quando
803 1714 869 1768 jus
910 1715 1114 1757 internum
1155 1715 1265 1762 dent,

504 1770 666 1821 quando
681 1769 804 1811 solam
818 1769 1120 1824 impunitatem.
1185 1774 1266 1825 328

450 1823 580 1877 Leges
595 1839 643 1866 an
657 1825 842 1882 obligent
856 1825 1054 1869 suminam
1095 1825 1268 1881 potesta-

452 1890 588 1989 Letgens¹
595 1910 700 1988 iiuafi
716 1937 846 1988 pacta.
1185 1896 1270 1977 {ici

451 1989 584 2044 Leges
597 1990 737 2033 civiles
750 1990 933 2046 quaedam
961 1995 1077 2046 plane
1104 1990 1267 2045 injustae.

1196 2061 1210 2088 1
1221 2061 1270 2099 75

450 2097 584 2154 Leges
618 2099 806 2143 humanae
846 2101 1031 2155 quaedam
1059 2101 1271 2154 praecipere

504 2154 661 2207 possunt
673 2169 768 2197 cum
781 2157 926 2198 mortis
938 2157 1122 2216 periculo
1137 2155 1270 2197 obser-

504 2212 644 2251 vanda.
681 2215 750 2252 86.
780 2210 1000 2254 humanius
1028 2211 1118 2254 sunt
1145 2211 1267 2252 inrer-

504 2267 715 2318 pretandae.
1172 2266 1267 2309 ibid.

451 2319 582 2379 Leges
597 2323 779 2374 quaedam
794 2352 807 2368 ‚
822 2322 946 2364 etiam
963 2321 1109 2364 divinae
1128 2354 1139 2372 ‚
1168 2322 1268 2363 taci-

506 2388 588 2417 tam
620 2377 766 2419 habent
793 2377 1074 2431 exceptionem
1103 2377 1267 2418 summae

506 2431 743 2473 neceffitatis
753 2463 764 2471 .
1169 2432 1260 2474 ibid.

452 2488 583 2545 Leges
597 2489 798 2542 recipiunt
828 2487 872 2529 id
890 2485 1003 2543 qnod
1019 2486 1267 2541 plerumque.

1215 2546 1265 2581 82

450 2595 585 2652 Leges
603 2596 694 2638 ferri
711 2595 865 2650 possunt
892 2596 943 2638 de
971 2608 1156 2650 tempore
1182 2610 1266 2651 quo

507 2654 706 2695 {uminum
724 2653 941 2706 imperium
957 2653 1264 2704 amittatum42

455 2711 583 2763 Leges
601 2712 649 2750 de
665 2723 705 2750 re
722 2707 911 2762 promissa
925 2708 1129 2768 obligant.
1189 2722 1262 2750 221

454 2764 586 2819 Leges
613 2765 785 2817 injustae,
815 2778 902 2818 quae
916 2774 1164 2816 propinquos
1193 2777 1262 2805 no-

508 2819 687 2861 centium
714 2819 948 2861 innocentes
985 2817 1159 2860 interfici
1208 2819 1268 2872 ju-

454 2878 735 2987 Lekgg‘ers‘tciviles
749 2932 797 2972 de
813 2925 1011 2986 promiffis
1038 2884 1266 2971 minori-igi

1179 2996 1260 3026 222

446 3039 653 3093 Legitima
670 3055 718 3082 an
731 3042 821 3097 lege
836 3041 1013 3083 humana
1028 3038 1120 3081 tolli
1131 3038 1267 3094 poffit,

504 3099 548 3137 ὃ(
565 3111 738 3151 quatenu
748 3113 777 3137 s,
1190 3108 1263 3146 177

448 3155 605 3207 Legum
622 3157 712 3198 finis
727 3155 770 3193 &
786 3151 973 3196 efficacia.
1177 3164 1259 3202 232

445 3210 602 3263 Legum
619 3209 823 3251 divertitas
848 3208 955 3252 circa
981 3207 1259 3252 venditionem

501 3270 542 3306 ἀ
563 3267 799 3307 emtionem.
1180 3276 1257 3316 233

448 3322 555 3361 Λεία.
1054 3372 1064 3379 .
1171 3321 1257 3368 482

445 3376 604 3421 Lenitas
612 3375 656 3420 in
671 3386 846 3419 errantes
859 3373 968 3417 circa
978 3373 1132 3419 divitia.
1172 3382 1258 3431 346

1314 448 1435 493 Liber
1464 449 1593 490 hoino
1622 448 1873 504 postliminio
1911 451 2126 508 quomodo

1368 504 1520 548 redeat.
2045 518 2127 561 500

1313 558 1435 600 Liber
1451 557 1579 599 homo
1594 558 1847 611 postliminio
1882 559 1951 604 sua
1965 575 2133 615 recupe-

1370 625 1454 653 rat:
1474 626 1523 653 ari
1538 614 1580 654 δι
1593 613 1795 656 alienata?
2051 628 2126 668 501

1314 667 1504 710 Liberam
1522 667 1608 708 fore
1624 669 1919 725 Carthaginem
1949 684 2130 726 quomo-

1365 723 1421 763 do
1437 722 1795 776 interpretandum.
2049 729 2131 768 280

1318 778 1457 818 Liberi
1475 778 1653 820 filiarum
1668 779 1814 822 alendi.
2044 792 2129 833 177

1318 833 1454 876 Liberi
1473 832 1679 888 pignorari
1714 848 1760 875 ac
1791 834 1909 878 vendi
1921 838 1943 876 a
1958 836 2132 890 parenti-

1367 890 1617 943 busquando
1634 887 1776 942 possint
1798 920 1809 936 ,
1831 891 2004 944 146.jus
2017 891 2125 945 ipso-

1370 958 1461 986 ruin
1478 944 1518 986 iu
1536 944 1698 987 liberos.
1937 958 2027 994 146.
2047 957 2130 1000 1⁴³7

1313 996 1451 1041 Liberi
1480 1014 1529 1042 ex
1573 999 1809 1052 quibusdam
1853 1002 2131 1045 matrimoniis

1372 1055 1648 1108 impediuntur
1665 1056 1888 1099 succedere.
2044 1067 2128 1109 179

1319 1109 1459 1152 Liberi
1474 1111 1528 1152 ob
1550 1122 1760 1164 parentum
1788 1112 1936 1155 delicta
1963 1125 2043 1154 nori
2058 1125 2136 1166 pti-

1369 1165 1506 1208 nieridi
1516 1196 1526 1206 .
2044 1177 2101 1221 37
2109 1182 2126 1215 5

1319 1219 1479 1263 Liberis
1493 1235 1543 1262 an
1566 1220 1788 1263 debeantur
1816 1220 2009 1263 alimenta
2040 1254 2053 1274 ‚
2084 1223 2130 1264 δι

1367 1289 1450 1328 quo
1466 1274 1588 1318 sensu.
1639 1281 1737 1329 176.
1782 1290 1831 1318 an
1856 1275 1987 1319 alendi
2002 1276 2130 1332 vulgo

1366 1329 1526 1384 quaefid,
1543 1333 1588 1373 δ(
1601 1345 1650 1372 ex
1667 1330 1813 1374 incesto
1823 1331 1920 1374 nati.
2045 1341 2130 1385 177

1316 1386 1486 1429 Liberos
1505 1387 1680 1444 cogendi
1690 1388 1769 1441 jus.
2046 1388 2130 1438 146

1315 1442 1560 1484 Liberorum
1599 1454 1696 1484 cum
1737 1442 1968 1495 parentibus
1992 1441 2134 1487 matri-

1369 1499 1509 1541 monia
1521 1509 1660 1540 contra
1670 1498 1737 1551 jus
1748 1510 1914 1541 naturae.
2048 1509 2063 1542 1
2077 1507 2132 1553 50

1316 1550 1503 1596 Libertas
1540 1553 1706 1607 quando
1742 1553 1845 1608 justa
1869 1552 1964 1597 belli
1997 1555 2133 1649 tanga.

2049 1622 2070 1660 3
2104 1616 2130 1649 6

1321 1657 1503 1716 Libertas
1518 1674 1602 1715 quo
1618 1660 1726 1704 sensu
1745 1665 1944 1707 naturalis.
2039 1662 2130 1718 386

1318 1711 1502 1756 Libertas
1517 1730 1564 1757 aii
1582 1731 1655 1771 pax
1671 1719 1839 1771 placeat,
1856 1721 1994 1776 gravis
2008 1719 2133 1762 inter-

1371 1768 1470 1809 dum
1486 1772 1738 1815 deliberatio,
2042 1785 2126 1825 405

1319 1821 1520 1884 Libertati
1535 1828 1775 1881 pracferenda
1807 1828 1890 1871 vita
1908 1829 2046 1884 populi
2050 1842 2130 1926 ἔο-

1369 1889 1464 1920 tius.
2033 1886 2049 1925 i
2073 1886 2130 1929 id.

1319 1931 1501 1992 Libertas
1513 1935 1655 1988 populi
1670 1935 1766 1990 qnid
1783 1937 1990 1993 significet.
2076 1953 2131 1991 59

1323 1989 1509 2030 Libertas
1524 1989 1773 2032 subditorum
1788 1995 1994 2049 obligatur
2010 2008 2058 2036 ex
2072 1995 2133 2037 fa-

1360 2045 1447 2102 cto
1462 2043 1722 2098 superiorum.
2043 2061 2132 2101 444

1320 2095 1503 2140 Libertas
1545 2101 1718 2144 bellandi
1756 2114 1839 2145 non
1876 2103 2132 2158 praesumitur

1359 2153 1571 2211 abdicata.
2041 2173 2128 2214 ²79

1321 2207 1461 2266 Licere
1476 2224 1547 2263 pro
1560 2212 1647 2264 jure
1661 2224 1842 2255 externo.
2039 2229 2120 2269 509

1321 2262 1477 2324 Licere,
1500 2280 1577 2307 vox
1594 2269 1783 2325 ambigua
1813 2282 1914 2325 quas
1932 2269 2131 2325 significa..

1358 2329 1502 2376 ‘tiones
1520 2322 1676 2365 habeat.
1932 2328 2127 2379 456457

1318 2372 1458 2434 Licere
1472 2378 1652 2430 quaedam
1666 2379 1969 2435 dicuntur,quae
1979 2382 2131 2425 reeiius

1359 2429 1490 2487 “aliter
1504 2431 1621 2474 finnt.
2040 2448 2128 2492 456

1319 2483 1459 2544 Licere
1473 2488 1657 2540 quaedam
1687 2488 1880 2532 dicuntur
1892 2521 1903 2536 ,
1921 2489 1976 2532 ob
1991 2490 2129 2546 impu-

1357 2551 1551 2598 nitatem.
2035 2558 2128 2603 457

1317 2592 1456 2637 Licere
1473 2598 1703 2651 oppositum
1719 2599 1756 2641 ei
1771 2599 1882 2655 quod
1895 2601 2012 2643 decer
2028 2634 2039 2653 ‚
2055 2613 2128 2644 aut

1325 2662 1666 2751 Liiffss'titgct'iimes
1681 2708 1808 2754 idem.
2036 2667 2127 2765 fisi}

1320 2759 1504 2803 Liinitati
1519 2762 1620 2818 agri.
2045 2782 2061 2810 i
2072 2778 2093 2815 3
2105 2780 2121 2813 ι

1318 2813 1387 2857 Lis
1401 2817 1527 2871 potest
1555 2818 1746 2874 utrinqne
1756 2819 1828 2862 ess'e
1855 2820 1933 2863 fine
1946 2835 2125 2876 peccato.

1319 2924 1462 2967 Literae
1476 2927 1637 2969 Marcae.
2035 2935 2125 2983 446

1318 2981 1499 3036 Litigare
1513 2982 1755 3026 Christianis
1777 2999 1862 3039 quo
1890 2983 1995 3028 sensu
2025 2989 2128 3031 veti-

1367 3048 1472 3076 tum.
1978 3045 2050 3093 26,
2068 3054 2124 3096 27

1318 3090 1451 3132 Litrus
1462 3104 1654 3145 quorum.
2043 3098 2124 3142 128

1319 3146 1429 3187 Loca
1443 3146 1484 3188 in
1504 3146 1591 3188 solo
1619 3159 1761 3201 pacato
1789 3150 1913 3204 polita
1947 3165 2030 3205 quo
2056 3167 2126 3195 ca-

1370 3201 1412 3243 su
1442 3202 1547 3244 reete
1587 3217 1837 3259 occupentur
1876 3210 1898 3248 a
1937 3208 2124 3250 bellante.

1310 3321 1468 3364 Locans
1481 3313 1662 3366 pluribus
1676 3329 1842 3370 operam
1858 3328 1907 3356 an
1922 3316 1944 3357 zi
1961 3272 2124 3373 fingiiii}

1359 3369 1592 3415 mercedem
1643 3370 1688 3413 in
1742 3370 1918 3418 solidum
1957 3373 2121 3480 εὲὶοῗὲἑῗ
