2475 3854
630 317 744 356 nc
820 315 1429 365 PAC18,1.18.
1499 319 1625 360 111.
1937 330 2015 374 593

319 400 456 450 pugna
472 387 594 448 effer.
637 382 698 431 Et
711 384 758 433 in
775 385 1060 448 panegyrico
1078 381 1228 433 Latini
1244 381 1399 432 Pacati
1415 386 1633 450 legimus:
1646 392 1803 437 inducia
1821 391 1917 437 bella
1918 396 2006 452 sus-

311 451 552 514 pendebant.
578 445 726 511 Qod
744 462 803 494 eo
829 446 942 494 dico
958 460 1009 493 ut
1021 444 1212 495 sciamus
1230 485 1243 504 ,
1257 446 1287 494 fi
1307 448 1416 510 quid
1433 451 1648 497 convenit
1662 490 1672 506 ‚
1694 466 1744 497 ut
1761 449 1866 499 belli
1880 467 2002 500 rem-

312 528 429 579 pore
443 510 595 560 valeat
614 550 627 569 ‚
650 510 697 558 id
715 527 797 575 per
813 508 1018 557 inducias
1034 524 1218 574 quoque
1238 510 1386 557 valere
1403 549 1414 569 ,
1436 511 1514 558 nisi
1533 513 1765 561 manifeste
1779 530 1997 577 appareat

305 591 399 622 non
432 572 601 621 statum
635 570 823 636 spectari
856 572 933 620 led
956 572 1071 636 ipsas
1103 572 1367 620 functiones.
1419 571 1599 623 Contra
1617 576 1647 622 13
1675 575 1785 640 quid
1803 578 1864 625 de
1880 586 1995 640 pace

306 636 485 684 dietum
500 640 589 683 erit
606 675 616 693 ‚
645 637 694 684 id
728 636 1013 684 induciarum
1055 650 1270 700 tempore
1296 636 1452 683 locum
1483 653 1576 694 non
1609 638 1823 687 habebit:
1857 658 1992 703 quana

305 716 445 762 quam
466 697 683 764 Virgilius
704 715 864 764 pacem
883 696 1150 761 sequestram
1173 700 1291 747 dixit
1309 738 1322 756 ,
1353 698 1537 748 Servius
1551 700 1609 747 ad
1625 708 1729 749 eun'n
1743 702 1896 749 locum
1911 720 1994 765 pa-

302 778 408 809 cem
422 762 750 825 temporalem,
769 777 820 811 ut
838 763 887 809 &
905 762 1194 824 Thucydidis
1215 761 1484 811 Scholiastes
1514 763 1641 825 ἐιςιίνην
1658 766 1891 820 medenas&
1917 752 1987 807 m*-

304 832 419 881 λεμον
439 821 636 878 ammom,
657 825 808 874 Varro
827 841 985 889 pacem
1001 824 1267 882 castrorum,
1280 841 1531 888 paucorum
1549 828 1727 875 dierum
1743 867 1753 885 ,
1772 839 1866 891 quae
1880 845 1985 876 om-

301 905 383 936 nes
399 888 499 935 sunt
520 905 610 936 non
627 888 913 936 definitiones
931 886 1003 935 sed
1025 887 1348 936 delineationes
1374 891 1581 952 quaedam
1598 907 1750 956 eaeque
1761 892 1979 956 figuratae.

305 951 468 1016 Qlis
481 952 529 998 &
547 951 621 998 illa
637 949 856 999 Varronis
868 954 946 1014 qui
964 966 1070 999 cum
1086 949 1290 1000 inducias
1304 952 1420 999 dixit
1437 952 1665 1010 bellorum
1694 954 1827 1002 ferias
1847 994 1858 1013 ‚
1894 970 1982 1018 po-

304 1028 456 1062 tuerat
498 1017 548 1062 &
588 1013 695 1061 belli
729 1015 938 1062 somnum
968 1015 1135 1061 dicere.
1183 1013 1258 1063 Sic
1283 1016 1333 1062 &
1357 1015 1469 1077 ipsas
1505 1014 1704 1066 forenses
1733 1018 1869 1066 ferias
1900 1034 1978 1082 pa-

301 1093 407 1125 cem
438 1079 627 1126 vocavit
667 1077 874 1139 Papinius
908 1095 920 1126 :
967 1079 1016 1124 δε
1043 1074 1250 1125 somnum
1300 1078 1564 1127 Aristoteles
1601 1081 1828 1129 vinculum
1874 1079 1974 1127 len-

300 1142 430 1189 suum
450 1179 461 1197 ,
488 1156 582 1203 quo
609 1140 825 1204 exemplo
849 1141 899 1187 δε
928 1138 1132 1188 inducias
1166 1141 1271 1188 belli
1301 1140 1529 1188 vinculum
1547 1142 1666 1189 redte
1697 1144 1878 1192 dixeris.
1919 1145 2059 1201 In„Ad
2071 1169 2142 1204 Ter.

296 1201 379 1252 M.
409 1203 628 1252 Varronis
659 1218 811 1251 autem
847 1203 1132 1268 expolitione
1158 1219 1295 1268 quam
1329 1205 1378 1250 &
1414 1204 1625 1253 Donatus
1652 1206 1850 1272 sequitur
1875 1208 1966 1254 hoc
1990 1214 2168 1253 eunuch

294 1267 418 1316 teste
430 1266 719 1332 reprehendit
735 1265 906 1316 Gellius
925 1265 1053 1330 quod
1067 1281 1238 1330 paucos
1252 1265 1350 1314 dies
1365 1267 1534 1327 adjecit
1552 1306 1564 1325 ,
1593 1269 1832 1318 ostendens
1849 1267 1964 1317 sole·-
1983 1263 2094 1341 {28⁶⁹
2110 1271 2124 1297 ¹
2149 1289 2160 1298 ·

294 1345 347 1378 re
363 1332 412 1377 δε
428 1330 473 1376 in
490 1330 626 1378 horas
641 1327 742 1378 dari
760 1369 772 1388 ,
809 1329 979 1378 addam
1004 1345 1094 1394 ego
1119 1332 1168 1376 8<
1184 1333 1231 1378 in
1244 1345 1382 1377 annos
1397 1332 1534 1377 etiarn
1547 1332 1706 1396 viginti
1727 1372 1738 1389 ,
1759 1335 1960 1398 triginta,
2010 1321 2020 1340 ¹
2043 1318 2194 1349 ‘¹⁰⁶'²¹‘

293 1392 593 1458 quadraginta
609 1426 621 1444 ‚
642 1394 782 1440 etiarn
794 1407 979 1441 centum
1001 1409 1014 1442 :
1045 1409 1238 1454 quarum
1256 1392 1378 1457 apud
1391 1392 1574 1441 Livium
1585 1397 1795 1460 exempla
1821 1413 1832 1444 τ
1867 1414 1964 1460 quae

292 1459 345 1505 δε
373 1456 499 1503 illam
524 1454 650 1503 Pauli
681 1455 983 1505 Iurisconsulti
1010 1455 1323 1504 definitionem
1353 1457 1661 1520 redarguunt:
1689 1463 1961 1519 Induciaesunt

292 1540 380 1569 cum
401 1528 441 1566 in
458 1522 574 1566 breve
600 1521 650 1575 ξς
680 1525 722 1566 in
733 1523 883 1579 praefins
899 1536 1048 1582 tempm
1060 1527 1238 1568 convenit
1254 1555 1265 1569 ‚
1300 1539 1349 1566 ne
1363 1526 1529 1568 invicem
1546 1524 1594 1580 se
1609 1524 1807 1582 laceffixnt.
1839 1521 1953 1569 Fieri
1977 1510 2015 1565 L:
2031 1509 2187 1593 Wstssmfj

290 1598 449 1632 tamen
453 1583 709 1691 (poterium
726 1580 756 1627 fi
774 1596 986 1645 appareat
1003 1581 1186 1630 alicu‘us
1202 1583 1517 1629 conventionis
1534 1584 1757 1632 rationem
1776 1587 1955 1632 unicam
1976 1570 2111 1651 Zizais
2126 1587 2142 1641 .’
2170 1571 2201 1594 ,e

288 1648 437 1713 &per
468 1661 495 1691 e
511 1659 778 1691 moventem
803 1646 849 1691 in
874 1641 1070 1692 solidum
1119 1644 1223 1691 uisse
1253 1644 1544 1692 cessationem
1561 1644 1740 1693 actuum
1768 1647 1965 1695 bellico*

288 1726 392 1759 rum
411 1747 423 1767 ‚
459 1722 509 1753 ut
524 1722 633 1754 tunc
654 1705 782 1769 quod
800 1705 859 1753 de
884 1708 1007 1770 pacis
1023 1722 1234 1769 tempore
1246 1706 1417 1754 dietum
1435 1707 1497 1754 est
1518 1745 1528 1760 ,
1565 1722 1645 1770 per
1662 1709 1860 1757 inducias
1876 1727 1954 1757 va-

285 1772 381 1822 leat
400 1811 413 1832 ‚
439 1786 532 1818 non
549 1786 609 1816 ex
625 1770 672 1818 vi
698 1770 831 1817 vocis
844 1809 857 1830 ,
890 1768 968 1817 sed
993 1784 1052 1817 ex
1067 1772 1232 1818 mentis
1248 1785 1371 1818 certa
1386 1768 1653 1817 collectione
1665 1769 1725 1817 de
1748 1788 1836 1837 qua
1851 1772 1954 1821 alibi

287 1838 488 1902 egimus.

354 1898 431 1946 II.
466 1894 661 1944 Videtur
684 1907 838 1941 autem
856 1895 1139 1942 induciarum
1155 1910 1324 1941 nomen
1352 1909 1442 1942 non
1461 1894 1518 1941 ab
1542 1907 1606 1942 eo
1637 1895 1766 1958 quod
1781 1897 1954 1947 Gellius

284 1964 386 2012 ’vult
402 1961 509 2009 inde
520 1960 583 2004 uti
599 1958 795 2017 jam‚nec
812 1956 868 2004 ab
888 1956 1079 2004 endoitu
1090 1957 1137 2004 id
1155 1957 1216 2003 est
1227 1957 1571 2020 introgressth
1584 1958 1766 2022 Opilius
1786 1959 1950 2016 voluit,

284 2022 449 2075 veniffe
465 2064 475 2080 ‚
489 2020 566 2072 sed
585 2019 713 2084 quod
729 2019 833 2066 inde
852 2059 864 2077 ,
880 2018 930 2067 id
945 2019 1007 2067 est
1020 2024 1047 2066 a
1060 2033 1189 2066 certo
1204 2033 1417 2083 tempore
1430 2021 1579 2066 orium
1593 2020 1643 2066 sit
1659 2059 1670 2076 ‚
1708 2022 1950 2082 quomodo

283 2086 517 2142 ὠιεχεεβὶοω
534 2085 679 2133 Graeci
707 2096 890 2133 vocant.
925 2083 1125 2147 Apparet
1140 2083 1261 2128 enirn
1279 2083 1418 2128 etiam
1435 2097 1492 2128 ex
1524 2083 1677 2129 Gellio
1706 2084 1753 2128 δε
1771 2083 1948 2148 Opilio,
1972 2090 2056 2124 Geli.
2075 2101 2165 2129 xxx.

282 2147 515 2192 veteribus
526 2163 607 2213 per
622 2160 658 2203 t,
677 2163 768 2194 non
785 2161 865 2210 per
880 2162 920 2203 c,
933 2145 1115 2192 literam
1135 2143 1352 2207 scriptum
1365 2144 1460 2191 ,hoc
1478 2160 1645 2192 nomen
1662 2185 1672 2201 ,
1690 2146 1819 2205 quod
1835 2164 1951 2194 nunc
1971 2144 2112 2177 ‘³¹¹¹-

281 2208 518 2272 pluraliter
533 2208 781 2274 profertur,
802 2209 917 2256 olim
934 2207 1053 2257 haud
1068 2207 1208 2256 dubie
1224 2209 1364 2254 etiam
1377 2206 1673 2273 singulariter.
1689 2205 1830 2256 Vetus
1850 2209 1951 2256 scri-

281 2286 418 2336 ptura
433 2269 518 2320 fuit
534 2273 730 2321 indoitia
752 2291 770 2331 3
803 2288 908 2319 nam
926 2273 1075 2319 otium
1103 2287 1213 2319 tunc
1239 2271 1402 2317 oitium
1430 2270 1724 2317 enunciabant
1749 2275 1774 2317 a
1805 2271 1951 2320 verbo

281 2335 383 2385 oiri,
404 2335 531 2396 quod
548 2352 664 2384 nunc
675 2336 741 2382 uti
759 2334 996 2392 dicimus‚*
1008 2334 1116 2382 ficut
1129 2351 1187 2382 ex
1204 2335 1339 2397 poina
1355 2332 1487 2393 (nunc
1501 2348 1678 2395 poenam
1700 2333 1949 2396 scribimus)

280 2399 333 2447 fit
349 2398 505 2460 punio,
523 2401 570 2446 ἅ,
588 2414 647 2445 ex
666 2397 815 2445 Poino
829 2398 1056 2461 (quinunc
1078 2397 1262 2458 Poenus)
1278 2396 1330 2444 fit
1347 2395 1558 2442 Punicus.
1576 2394 1703 2442 Sicut
1722 2412 1873 2444 autem
1889 2412 1949 2444 ex

281 2477 341 2508 eo
359 2460 487 2523 quod
504 2461 565 2509 est
582 2461 693 2508 ostia
708 2500 720 2519 ,
740 2460 960 2508 ostiorum
976 2500 987 2518 ‚
1006 2458 1174 2507 fastum
1189 2460 1251 2507 est
1264 2475 1432 2506 nomen
1444 2463 1469 2489 *
1488 2457 1621 2507 Ostia
1638 2457 1774 2506 Ostiae
1791 2476 1802 2508 z
1821 2459 1875 2506 fic
1889 2476 1948 2509 ex

279 2522 476 2571 indoitia
492 2523 792 2571 indoitiorum
812 2563 823 2582 ,
842 2522 1010 2570 fastum
1024 2524 1086 2570 est
1097 2523 1303 2577 indeuia,
1321 2520 1517 2569 indoitiae
1531 2541 1547 2580 3
1574 2519 1739 2567 deinde
1757 2520 1944 2579 iudana,

280 2588 406 2647 cujus
422 2601 472 2634 ut
488 2587 583 2635 dixi
596 2588 766 2650 plurale
778 2603 894 2633 nunc
910 2601 1085 2634 tautum
1097 2586 1141 2632 in
1151 2582 1232 2632 usu
1250 2584 1328 2643 est3
1348 2585 1480 2640 olim,
1494 2599 1545 2630 ut
1561 2582 1733 2631 Gellius
1750 2585 1944 2642 monuit,
1965 2606 1989 2639 d
2001 2606 2073 2643 loco.

280 2652 418 2697 etiam
442 2652 625 2698 unitatis
653 2665 846 2697 numero
862 2647 1193 2696 enuntiabatur.
1231 2663 1323 2694 non
1339 2646 1476 2711 longe
1493 2645 1587 2692 abit
1613 2645 1827 2694 Donatus
1840 2663 1942 2693 cum
1966 2656 2032 2688 Aa
2058 2656 2131 2693 Tei-2

279 2712 482 2760 inducias
499 2712 640 2761 distas
655 2713 752 2760 vult
769 2712 896 2775 quod
916 2714 957 2759 in
973 2711 1071 2760 dies
1087 2712 1235 2757 otium
1251 2706 1610 2774 praebeant.Sunt
1627 2723 1742 2773 ergo
1759 2708 1945 2757 induciae
1962 2701 2116 2784 {Jffpm

277 2777 324 2822 in
340 2775 465 2823 bello
483 2777 745 2832 otium,non
761 2791 849 2838 pax
863 2776 1039 2837 :itaque
1053 2785 1261 2820 accurate
1277 2772 1524 2835 loquuntur
1539 2770 1738 2819 historici
1754 2773 1831 2836 qui
1847 2788 1944 2819 nar·
1963 2774 2074 2840 lustin.
2116 2773 2130 2787 ’

278 2852 378 2886 rant
398 2835 509 2903 saepe
526 2878 537 2895 ‚
558 2854 720 2902 pacem
736 2852 962 2900 negatam,
983 2837 1181 2883 inducias
1196 2834 1345 2882 datas.

342 2902 400 2950 ΙΙ
417 2902 453 2948 1.
491 2903 645 2967 Qare
658 2916 738 2948 nec
764 2917 883 2947 nova
898 2897 1185 2947 indiffioneo
1219 2914 1270 2944 us
1285 2897 1374 2943 erit
1401 2912 1412 2943 ε
1433 2912 1535 2943 nam
1554 2895 1729 2946 sublato
1747 2897 1943 2961 impedi·
1963 2915 2056 2958 ⁸Ang.
2071 2913 2121 2959 [fi
2135 2927 2174 2949 u.

276 2977 439 3012 mento
454 2963 695 3027 temporali
714 2963 811 3026 ipso
827 2966 925 3024 jure
938 2963 981 3009 se
993 2960 1156 3008 exserit
1175 2914 1310 3007 gatus
1327 2958 1435 3006 belli
1451 2975 1542 3006 non
1557 2975 1765 3008 mortuus
1777 2959 1852 3007 sed
1868 2958 1942 3007 so-
1963 2971 2018 2991 ’Μ
2032 2964 2151 2998 M-D·

276 3027 397 3136 pirus
417 3067 427 3084 2
460 3044 511 3075 ut
529 3027 789 3078 dominium
809 3029 856 3072 &
872 3026 1017 3087 patria
1030 3022 1225 3088 porestas
1239 3024 1284 3069 in
1299 3037 1357 3068 eo
1375 3023 1450 3084 qui
1469 3025 1495 3068 a
1510 3021 1668 3070 furore
1689 3024 1939 3072 convaluit.
1962 3004 2185 3091 ssssffigud·

321 3092 498 3154 egimus
516 3088 670 3137 tamen
694 3088 813 3151 apud
845 3087 1029 3134 Livium
1059 3100 1119 3132 ex
1151 3084 1380 3131 fecialium
1406 3082 1620 3132 sententia
1647 3087 1781 3132 finiris
1810 3085 1940 3132 indu·
1959 3106 2057 3144 9-29·

276 3154 357 3202 ciis
374 3151 592 3200 indictum
623 3151 794 3199 bellum
816 3167 828 3198 :
859 3149 935 3196 sed
949 3151 1159 3196 nimirum
1178 3147 1267 3195 istis
1292 3163 1384 3193 non
1397 3146 1639 3195 necessariis
1656 3147 1941 3195 cautionibus

276 3216 510 3264 ostendere
524 3230 701 3265 veteres
719 3213 920 3261 Romani
934 3211 1191 3266 voluerunt,
1205 3225 1482 3273 quantopere
1498 3226 1655 3271 pacem
1676 3227 1878 3257 amarent
1893 3212 1942 3255 &
1999 3222 2002 3225 ·

275 3290 411 3343 quarn
423 3278 549 3343 justis
578 3277 637 3323 de
660 3276 799 3324 causis
815 3277 858 3321 in
875 3291 1002 3322 arma
1021 3274 1323 3321 traherentur.
1358 3273 1508 3319 Innuit
1526 3272 1616 3320 hoc
1648 3272 1739 3335 ipse
1758 3272 1936 3320 Livius:
1956 3299 2029 3335 Lib.
2046 3307 2099 3338 lv.

276 3350 379 3388 Cum
429 3343 645 3402 Vq'emt'bm
669 3354 784 3401 nuper
825 3345 911 3386 acie
939 3342 1168 3448 dimicatmss
1193 3340 1248 3381 ad
1274 3346 1508 3384 Nomentum
1526 3339 1576 3394 (ᾖε
1602 3339 1759 3384 Fidenas
1788 3342 1937 3445 figerat,

1189 3415 1219 3462 p
1768 3418 1810 3445 m
1840 3416 1942 3445 ucu-

1976 1759 2139 1804 Limir,

1975 1808 2178 1846 c.16.§.20.
