2380 3917
332 360 406 410 506
706 356 1555 395 υεινιιειιειιῐ

338 427 391 474 N
394 427 543 475 icolao
559 421 795 472 Verdunio
814 438 824 469 :
841 421 966 468 bona
979 436 1074 483 quae
1091 421 1373 469 Francorum
1387 422 1558 468 civium
1591 417 1774 469 fiaerant
1789 420 1849 471 ab
1875 423 2016 491 Alge-

338 485 746 551 rienfibus,populo
762 483 1115 548 praedationibus
1131 486 1374 532 maritimis
1385 486 1430 530 in
1444 497 1606 530 omnes
1621 483 1735 532 alios
1749 485 1932 549 grassari
1949 489 2025 537 s0..

342 554 430 601 lito
445 592 454 608 ,
470 566 601 616 capta
618 548 719 596 belli
730 550 830 608 jure
844 545 1035 593 mutasse
1047 545 1288 594 dominum
1306 560 1319 593 :
1349 561 1402 592 ac
1417 544 1615 609 proinde
1627 562 1734 593 cum
1751 564 1935 614 recepta
1964 551 2025 599 ab

340 618 435 663 aliis
456 614 605 668 effent,
632 611 749 658 fasta
759 625 922 656 eorum
940 609 1016 671 qui
1035 611 1306 672 recepissent.
1327 607 1379 655 In
1396 607 1558 656 eadem
1574 611 1842 673 cognitione
1860 614 1910 660 δε
1927 616 2023 661 hoc

338 680 587 740 judicatum
609 675 670 721 est
688 673 814 736 quod
832 670 980 719 modo
997 671 1225 731 diximus,
1254 687 1393 721 naves
1424 671 1571 719 hodie
1600 672 1721 721 inter
1750 688 1807 722 ea
1827 691 1923 724 non
1934 675 2024 726 effe

338 759 433 807 qua:
449 738 725 804 postliminio
741 736 1031 800 recipiuntur.

795 866 1097 927 Aunotata
1121 860 1195 923 ad
1219 862 1415 948 Caput
1442 885 1534 925 xx.

464 995 542 1051 Ost,
558 996 661 1057 quod
673 995 843 1039 reditum
853 992 995 1044 notat]
1033 984 1169 1037 Vnde
1187 987 1428 1037 Postvorta
1443 989 1546 1038 dea.

510 1062 578 1103 Ab
590 1063 756 1117 antiqua
773 1074 862 1101 voce
877 1057 966 1099 limo
980 1057 1002 1110 ]
1038 1051 1221 1101 Servius
1234 1051 1291 1099 ad
1305 1068 1363 1100 x1
1374 1069 1395 1100 1
1416 1051 1640 1101 AEneidos
1654 1053 1705 1102 &
1721 1051 1939 1104 Donatus
1954 1055 2016 1104 ad

458 1119 570 1166 illud
583 1116 786 1167 Eunuchi
806 1121 903 1163 limis
913 1121 1038 1162 oculis.
1052 1115 1203 1163 Festus
1222 1131 1235 1163 t
1270 1122 1405 1163 Limus
1417 1119 1589 1180 obliquus
1623 1120 1668 1163 id
1695 1120 1744 1177 est
1758 1122 2016 1179 transversus,

342 1183 443 1227 unde
463 1187 678 1240 &limma-
696 1179 892 1228 Ifidorus
906 1178 1030 1227 libro
1059 1195 1148 1236 xv,
1179 1196 1221 1226 c.
1244 1188 1326 1239 14.
1357 1184 1496 1227 limites
1515 1184 1696 1243 appeHati
1716 1187 1882 1245 antiquo
1898 1185 2020 1229 verbo

342 1247 564 1306 transversi.
579 1265 672 1292 nam
686 1246 905 1302 transversi:
919 1250 1046 1290 omnia
1061 1249 1217 1309 antiqui
1233 1246 1325 1288 [rma
1341 1245 1532 1292 dicebant,
1549 1246 1578 1290 ὰ
1591 1262 1666 1307 quo
1678 1244 1878 1300 &limina
1897 1247 2004 1303 ostio-

342 1326 448 1362 rum,
464 1326 532 1372 per
543 1327 619 1371 quae
626 1314 722 1372 foris
737 1309 788 1363 ὠ·
799 1311 995 1350 innuitur
1013 1328 1027 1350 .-
1059 1308 1263 1362 &limites
1278 1310 1384 1369 quod
1389 1320 1460 1369 per
1477 1324 1536 1354 eos
1541 1312 1654 1372 foras
1681 1311 1725 1357 in
1742 1324 1855 1368 agros
1880 1323 2014 1355 casm.

342 1368 387 1415 in
400 1369 626 1418 Gloffario
643 1378 768 1417 Limes
782 1365 941 1420 masta
956 1361 1046 1414 3359.

407 1441 592 1495 Contagio
602 1439 654 1492 &
665 1449 832 1491 contages
849 1434 870 1487 ]
907 1446 1154 1496 compages
1166 1431 1216 1478 δε
1229 1446 1476 1495 compago,
1496 1431 1629 1496 quod
1643 1431 1787 1494 ipsum
1799 1431 1913 1480 olim
1928 1429 2018 1479 fuit

339 1510 594 1560 compagen
613 1537 624 1553 ‚
642 1510 694 1543 ut
704 1494 843 1540 docet
858 1495 1083 1560 genitivus
1110 1497 1160 1542 &
1187 1494 1380 1543 verbum
1406 1494 1512 1543 inde
1529 1495 1778 1544 deductum
1799 1533 1814 1554 ,
1827 1495 1938 1544 ficut
1965 1496 2017 1544 δε

338 1561 512 1624 sanguis
528 1558 615 1608 fuit
631 1558 840 1621 sanguen.

402 1627 670 1671 Nominabam
680 1623 929 1678 eliminium]
965 1621 1024 1669 Et
1040 1620 1348 1670 colliminium
1376 1621 1422 1668 in
1436 1619 1599 1670 Solino
1627 1621 1692 1671 est
1717 1622 1848 1687 quod
1864 1621 2012 1690 vulgo

336 1686 641 1737 collimitium.

405 1762 465 1797 Ex
478 1754 605 1797 reditu
620 1755 661 1796 in
674 1750 823 1804 limen]
856 1748 982 1796 Hinc
1000 1747 1175 1810 sumpta
1188 1744 1478 1796 transsatione
1507 1747 1836 1812 postliminium
1864 1748 2015 1797 eccle-

336 1811 507 1861 fiasticae
522 1815 643 1876 pacis
660 1811 779 1859 dixit
788 1811 1098 1860 Tertullianus
1115 1810 1176 1856 de
1195 1809 1432 1857 Pudicitia.

402 1882 535 1922 Amici
550 1893 624 1923 aut
636 1880 731 1935 fhcii
747 1880 979 1937 intelligendi
998 1895 1074 1922 non
1087 1875 1308 1935 simpliciter
1318 1878 1473 1934 quibus
1465 1894 1550 1921 cum
1553 1889 1636 1937 pax
1650 1877 1730 1934 est]
1765 1876 1828 1922 ita
1845 1872 2015 1921 senfiss‘e

334 1936 519 1985 Maroci
536 1936 709 1987 &Fesae
724 1953 884 2003 regem
896 1952 1083 2005 apparet
1117 1950 1179 1982 ex
1208 1933 1394 1983 Thuani
1419 1936 1542 1985 libro
1568 1951 1693 1985 cxxx
1709 1939 1754 1986 in
1771 1951 1892 1986 anno
1927 1950 2015 1984 cm

335 2016 358 2051 1
367 2016 443 2049 x1
455 2016 478 2049 1
488 2016 527 2048 1.

402 2070 484 2127 Qi
501 2073 756 2111 Romanorum
773 2065 864 2109 bello
880 2067 1022 2109 Punico
1030 2065 1197 2123 secundo
1231 2068 1329 2125 capti
1339 2069 1382 2110 in
1397 2069 1582 2110 Gratiam
1599 2067 2009 2126 commerciopervene-

333 2145 443 2178 runt,
451 2133 518 2185 jus
533 2130 587 2171 ibi
600 2129 815 2186 postliminii
825 2145 899 2171 non
912 2127 1170 2181 habuerunt]
1207 2124 1413 2173 Valerius
1432 2124 1665 2174 Maximus
1682 2125 1804 2173 libro
1820 2141 1848 2173 v
1874 2164 1886 2182 ‚
1903 2141 1956 2172 ca
1995 2158 2011 2172 .

333 2204 357 2236 1
368 2205 408 2241 1,
437 2189 484 2235 6.
515 2189 760 2237 Diodotus
794 2186 968 2236 Siculus
985 2186 1134 2234 Excer
1167 2203 1219 2236 to
1234 2187 1516 2254 legationum
1534 2205 1577 2234 n.
1594 2200 1635 2251 3.
1670 2187 1746 2236 Sic
1759 2189 1809 2235 &
1834 2186 1943 2235 Rho
1979 2189 2010 2236 ii

332 2268 449 2315 quos
467 2249 801 2299 Atheniensium
827 2252 954 2297 cives
982 2249 1107 2298 bello
1129 2204 1326 2317 lehilippi
1351 2265 1556 2298 emerant
1586 2251 1832 2299 liberaliter
1864 2252 2010 2300 Athe-

334 2314 553 2362 nienfibus
569 2312 830 2360 reddidere.
852 2311 1068 2373 Polybius
1080 2313 1311 2376 Excerpto
1323 2313 1605 2377 legationum
1623 2331 1665 2360 n.
1687 2332 1732 2381 3.

404 2384 470 2423 Ha
479 2383 547 2441 qui
562 2396 635 2423 nm
654 2384 807 2422 virtute
824 2379 953 2421 bellna
954 2379 1132 2436 superati
1138 2381 1208 2437 fied
1215 2381 1304 2438 ficto
1308 2381 1381 2438 suo
1407 2378 1624 2441 deprehensi
1627 2380 1759 2440 sunt]
1792 2375 1912 2425 Vide
1923 2392 2007 2425 ex·

334 2441 536 2502 emplum
555 2437 675 2501 apud
691 2438 907 2486 Parutam
925 2438 1032 2485 belli
1045 2437 1208 2502 Cyprii
1225 2439 1303 2488 lib.
1318 2454 1361 2485 1.

404 2506 490 2565 Nisi
502 2506 546 2548 id
552 2507 672 2561 pastis
687 2516 768 2548 erat
795 2505 1134 2562 pomprchensum]
1169 2501 1290 2549 Vide
1320 2500 1565 2564 Iostphum
1595 2504 1787 2567 antiquae
1815 2502 2008 2552 historiae

336 2582 394 2614 xl
407 2581 423 2611 1
435 2582 455 2613 1
467 2578 528 2622 ‚2.
546 2564 766 2623 Polybius
781 2563 911 2626 pasta
919 2565 1049 2628 ponit
1065 2564 1498 2629 comprehendentia
1508 2580 1559 2612 ut
1573 2567 1737 2630 captivi
1757 2566 2004 2614 redderen-

339 2643 412 2675 tur
432 2630 475 2674 in
488 2643 596 2689 pace
614 2626 830 2687 Philippi,
846 2626 1236 2683 AEtoloruni‚cu1n
1249 2628 1518 2690 exceptione
1536 2632 1762 2686 tamem&
1777 2629 2008 2678 Antiochi.

333 2691 554 2754 excerptis
572 2689 630 2734 de
645 2688 947 2754 legationibus
963 2704 1009 2749 9,
1023 2688 1101 2739 28.
1117 2706 1138 2756 3
1152 2704 1189 2748 ς.
1208 2691 1380 2738 Eadem
1396 2692 1603 2755 exempla
1615 2692 1754 2739 habet
1772 2691 1944 2751 Livius,
1957 2694 2007 2740 δε

336 2769 548 2818 praeterea
561 2756 680 2861 {meis
695 2770 800 2800 cum
815 2751 1021 2799 Nabide.
1036 2752 1207 2800 Sunilia
1226 2753 1399 2816 aliquot
1414 2753 1670 2818 suppeditat
1682 2754 1912 2818 Zosimus.
1944 2755 2007 2802 Vt

333 2832 438 2863 ecce
473 2815 560 2862 Pro
575 2818 609 2863 vi
642 2833 730 2871 mx
748 2832 853 2863 cum
873 2815 1089 2863 Vandalis
1117 2818 1172 2866 δε,
1196 2815 1450 2880 Burgundis
1484 2818 1542 2865 fic
1555 2818 1666 2867 inita
1682 2831 1695 2865 :
1714 2815 1853 2872 ἔφ’ῴπ
1867 2817 1932 2870 »μὶ
1946 2818 2007 2863 πὶ,

336 2879 441 2922 λάσια
460 2879 523 2931 ,(ᾳῆ
534 2878 599 2924 riu
614 2878 893 2933 αἱχμςιλῶτκς,
906 2878 949 2924 ἐς
961 2877 1070 2938 ’ἔτυχον
1085 2876 1228 2937 ἔχοντες,
1247 2874 1429 2934 &Mnus
1451 2911 1465 2931 ‚
1482 2896 1526 2926 ut
1538 2879 1763 2942 &pradum
1792 2900 1941 2927 omnem
1957 2884 2009 2937 ξς

335 2945 564 3003 quoscunque
586 2947 779 2989 habebant
793 2950 961 3005 captivos
975 2946 1193 2989 redderem.
1208 2940 1310 2988 Lib.
1335 2958 1358 2989 1
1378 2941 1567 2989 fimllem
1585 2957 1744 3005 pacem
1761 2958 1911 2990 narrat
1928 2943 2004 2991 Iu·-

333 3005 438 3050 liani
471 3020 576 3049 cum
603 3005 855 3060 Germanis,
870 3007 983 3051 item
1000 3020 1104 3051 cum
1126 3003 1301 3067 Qadis
1317 3007 1394 3066 qui
1421 3006 1466 3051 in
1495 3005 1742 3053 Germania
1756 3005 1877 3053 libro
1898 3021 2004 3056 111.

334 3067 603 3114 Ammianus
631 3067 928 3115 Marcellinus
943 3065 1062 3113 libro
1082 3082 1201 3113 xv11
1221 3067 1280 3114 de
1295 3082 1404 3131 rege
1429 3066 1784 3115 Alemannorum
1810 3068 2002 3116 Suoma-

335 3131 407 3175 rio
428 3146 438 3176 ζ
469 3145 601 3188 pacem
630 3134 784 3190 genibus
796 3147 977 3178 curvatus
987 3133 1135 3176 orabat.
1161 3133 1305 3186 &eam
1322 3149 1406 3176 cum
1425 3128 2001 3192 conceffionepraetetitorumsub

336 3195 407 3236 hac
437 3198 575 3236 meruit
599 3196 672 3253 lege
687 3227 697 3241 ,
717 3209 760 3237 ut
780 3200 951 3254 captivos
966 3195 1137 3238 redderet
1151 3194 1300 3250 nostros.
1320 3209 1434 3239 mox
1450 3192 1509 3238 de
1526 3191 1764 3241 Sarmatis:
1794 3194 1886 3252 juffi
1900 3199 2001 3242 obti-

337 3272 423 3297 nere
445 3258 546 3312 sedes
575 3259 770 3312 impavidi
793 3259 925 3312 nostros
942 3257 1143 3300 reddidere
1158 3260 1327 3314 captivos
1347 3278 1357 3300 :
1390 3255 1449 3302 de
1482 3255 1565 3303 alia
1583 3254 1752 3304 rursum
1775 3256 2001 3304 Sarmata-

337 3330 431 3359 rum
455 3330 578 3375 parte
612 3315 734 3361 idem
763 3316 887 3362 dicit.
902 3315 1036 3377 Apud
1060 3315 1293 3362 Zonaram
1319 3316 1458 3365 multa
1473 3318 1602 3366 talia:
1630 3319 1749 3366 inter
1781 3334 1940 3366 caetera
1956 3320 1999 3364 in

340 3375 470 3424 rebus
487 3377 727 3428 Michaelis
743 3380 820 3442 qui
839 3379 954 3430 filius
967 3377 1299 3442 Theophili‚de
1315 3378 1513 3446 Bulgaro
1529 3382 1747 3444 loquens:
1762 3381 1829 3427 τὶς
1844 3382 2002 3435 ou'ffloe-

1871 3443 2000 3489 λῶτες
