2380 3917
358 349 408 394 4⁶
763 343 1622 383 ῡεῐνκειιεῑιι

399 413 544 460 071qu
569 409 672 448 federe
707 417 855 442 teneatur
869 421 882 440 :
906 420 981 442 cum
1008 407 1161 453 Jblutione
1210 408 1244 440 Χ
1260 409 1294 442 X
1308 408 1326 441 1
1342 409 1360 442 1
1377 410 1408 443 1.
1431 411 1473 443 Et
1496 411 1555 457 qui
1567 409 1665 454 feudi
1684 411 1751 457 lege
1777 420 1931 447 teneatur.

400 460 601 505 objestrovum
620 471 630 489 .-
1210 456 1246 488 X
1261 457 1293 489 X
1307 455 1326 489 1
1339 457 1383 488 V·
1424 456 1594 504 Drstinstto
1610 460 1692 503 juris
1722 462 1763 492 w·
1789 462 1934 495 exercetis·
1947 472 2022 496 cum

352 511 387 544 X
405 513 434 542 Χ
452 509 465 541 l
483 509 514 543 1.
540 508 577 538 [t
590 514 645 549 qus
657 502 814 536 tributum
837 501 956 544 pendia
968 513 983 535 :
1261 503 1427 548 exemplis.

119 612 286 656 sylvam
473 599 555 644 Elli
573 598 716 656 prima
731 594 1022 656 maximeque
1035 594 1276 641 necessaria
1297 595 1487 658 partitio
1505 594 1595 644 haec
1612 597 1689 655 est,
1709 600 1838 662 quod
1856 599 2029 649 bellum

120 661 239 696 &Mum
254 672 279 698 ¹·
352 603 589 753 Balind
614 658 674 704 cst
697 659 921 719 privatum
945 695 956 711 ,
972 655 1095 703 aliud
1119 656 1352 720 publicum
1374 696 1386 714 ‚
1405 658 1527 705 aliud
1555 662 1766 710 mixtum.
1786 662 2024 710 Publicum

120 718 153 740 '³‘
171 718 203 744 ¹·
471 724 635 770 bellum
654 721 714 766 cst
732 719 860 781 quod
875 718 1061 766 aussore
1076 734 1136 767 eo
1153 722 1328 785 geritur
1358 724 1437 783 qui
1466 721 1823 781 jurisdictionem
1854 727 1993 773 habet
2011 744 2026 784 3

346 789 588 852 privatum,
608 782 738 845 quod
756 783 883 829 aliter
898 803 915 842 3
930 784 1147 841 mixtum,
1164 782 1293 846 quod
1309 800 1395 830 una
1408 800 1466 830 ex
1484 800 1613 848 parte
1627 787 1689 833 est
1703 789 1949 850 publicum,
1969 805 2029 836 ex

350 850 489 896 altera
549 862 760 893 rivatum.
795 844 889 893 Sed
915 844 976 892 de
992 847 1175 910 privato
1196 884 1208 904 ‚
1228 846 1357 909 quod
1385 848 1633 910 antiquius,
1652 853 1850 912 primum
1870 851 2030 898 videa-

350 928 470 959 mus.
504 866 678 957 {genum
699 908 885 970 aliquod
904 911 1134 971 privatum
1151 910 1276 957 licite
1291 910 1389 973 geri
1408 947 1420 966 ‚
1438 926 1657 972 quantum
1682 916 1751 972 jus
1772 929 1935 961 naturae
1953 928 2027 961 at-

347 977 482 1031 tinet,
504 974 604 1021 satis
622 988 841 1035 apparere
860 972 1062 1020 arbitror
1078 972 1202 1020 exiis
1221 1010 1233 1027 ,
1255 988 1351 1035 quae
1366 972 1495 1037 supra
1509 973 1707 1024 diximus
1724 1014 1735 1033 ‚
1753 992 1861 1024 cum
1879 977 2027 1024 osten-

348 1038 443 1084 sum
462 1038 523 1084 est
539 1052 588 1083 ut
636 1037 703 1082 uis
720 1036 934 1095 injuriam
951 1036 1091 1082 etiam
1115 1037 1158 1083 vi
1177 1040 1204 1083 a
1218 1034 1261 1081 se
1277 1050 1430 1083 arceat
1443 1074 1455 1091 ‚
1475 1039 1567 1096 juri.
1576 1039 1762 1086 naturali
1781 1057 1872 1087 non
1891 1056 2025 1103 repu-

348 1117 500 1165 gnare.
537 1098 596 1146 Se
648 1097 775 1145 forte
803 1113 932 1161 putet
944 1096 1103 1161 aliquis
1133 1098 1183 1146 id
1201 1097 1359 1146 saltem
1375 1100 1475 1163 post
1491 1099 1731 1149 constituta
1759 1104 1926 1162 judicia
1942 1119 2026 1165 pu-

345 1165 464 1212 blica
479 1179 572 1210 non
591 1163 729 1209 licere
749 1178 760 1210 :
777 1175 1057 1225 quamquam
1068 1163 1187 1210 enim
1200 1161 1371 1222 judicia
1389 1163 1566 1225 publica
1584 1179 1677 1212 non
1693 1169 1720 1213 a
1736 1182 1898 1213 natura
1918 1205 1928 1223 ,
1947 1165 2023 1212 sed

348 1232 378 1275 a
393 1226 516 1275 fado
542 1225 637 1272 sunt
655 1228 855 1272 humano
871 1264 883 1282 ‚
901 1241 1006 1273 cum
1021 1241 1175 1272 tamen
1197 1225 1349 1272 multo
1366 1226 1418 1273 fit
1435 1226 1659 1275 honestius
1677 1229 1727 1275 δε
1749 1229 1807 1276 ad
1823 1231 2027 1291 quietem

349 1291 593 1339 hominum
620 1288 954 1336 conducibilius
971 1327 983 1345 ‚
1005 1289 1063 1336 ab
1091 1304 1150 1335 eo
1179 1291 1304 1349 cujus
1339 1289 1448 1336 nihil
1480 1289 1652 1338 interfit
1677 1307 1775 1339 rem
1808 1293 2026 1358 cognosci

350 1370 491 1417 quam
517 1354 728 1400 homines
752 1351 948 1416 fingulos
968 1349 1202 1398 nimiums
1258 1368 1281 1397 e
1299 1368 1506 1400 amantes
1522 1351 1584 1399 sui
1602 1392 1613 1411 ,
1634 1354 1761 1418 quod
1781 1357 1850 1415 jus
1868 1369 2026 1419 putant

351 1417 401 1465 id
426 1433 562 1463 manu
588 1414 770 1478 exsequi
790 1453 802 1471 ‚
822 1429 917 1462 tarn
936 1413 1151 1463 laudabili
1167 1415 1210 1460 in
1251 1416 1371 1462 'tuto
1389 1413 1731 1479 obsequendum
1758 1416 1851 1481 ipsa
1887 1417 2027 1465 dictat

121 1478 146 1513 ²¹
161 1474 285 1530 Nfflfst
352 1481 536 1543 aequitas
553 1480 601 1525 &
619 1480 738 1525 ratio
753 1478 980 1526 naturalis.
998 1477 1164 1526 Paulus
1179 1475 1201 1525 I
1218 1476 1281 1526 C.
1298 1488 1388 1526 Non
1403 1482 1450 1538 est
1459 1479 1621 1541 singulis
1643 1484 1911 1528 concedendum
1926 1485 2028 1546 quod

120 1527 307 1615 gffi'ls‘ffw
349 1561 415 1607 per
447 1546 715 1604 magtstratum
731 1544 877 1601 publice
885 1544 994 1604 poffit
1001 1544 1092 1600 fieri
1111 1578 1123 1597 ,
1147 1559 1194 1587 ne
1219 1543 1351 1603 occafio
1367 1544 1422 1604 sit
1438 1548 1594 1602 majoris
1620 1549 1814 1590 tumultus
1835 1548 2029 1606 faciendi·

121 1619 282 1666 Vampfi.
295 1627 334 1663 4.
354 1615 454 1655 Hinc
483 1610 535 1665 est
554 1606 697 1668 inquit
731 1604 758 1631 *
794 1603 900 1652 Rex
915 1604 1246 1653 Theodericus
1262 1643 1276 1662 ‚
1292 1608 1397 1667 quod
1410 1607 1533 1666 legum
1552 1621 1703 1668 reperta
1731 1611 1780 1664 est
1788 1612 1904 1668 sacra
1916 1625 2029 1654 reve-

354 1674 488 1718 remia
507 1703 518 1718 ‚
535 1684 580 1713 ut
601 1672 704 1714 nihil
719 1686 841 1714 mama
857 1705 870 1724 ,
901 1671 1006 1715 nihil
1020 1674 1175 1731 proprio
1202 1683 1380 1729 ageretur
1407 1670 1587 1729 impulsu.
1622 1673 1719 1732 quid
1733 1677 1833 1717 enim
1854 1671 1882 1714 ὰ
1901 1673 2029 1717 bellica

355 1732 564 1792 conficstone
574 1746 654 1793 pax
668 1735 887 1794 tranquilla
902 1734 1019 1790 distat
1034 1769 1045 1787 ,
1068 1733 1105 1792 fi
1120 1745 1190 1791 per
1205 1738 1292 1777 vim
1311 1734 1435 1791 litigia
1451 1736 1738 1779 terminantur?
1752 1732 1811 1779 Et
1830 1733 1925 1779 vim
1941 1747 2028 1780 vo-

354 1808 461 1843 cant
479 1792 602 1857 leges
615 1832 626 1850 ‚
651 1801 798 1856 quoties
812 1800 898 1856 quis
913 1798 959 1840 id
968 1797 1074 1857 quod
1101 1796 1233 1842 deberi
1246 1795 1325 1853 fibi
1343 1807 1463 1854 putat
1478 1828 1488 1842 ,
1508 1812 1582 1840 non
1592 1811 1659 1856 per
1693 1799 1848 1842 'adicem
1864 1799 2026 1856 reposcit.

419 1856 441 1904 1
457 1855 493 1902 1.
529 1854 671 1903 Certe
684 1857 789 1919 quin
804 1854 999 1903 restriCta
1021 1855 1217 1903 multum
1239 1855 1290 1901 fit
1306 1871 1360 1902 ea
1376 1871 1472 1918 quae
1487 1869 1589 1902 ante
1603 1858 1668 1916 ju<
1686 1857 1769 1905 icia
1785 1857 2029 1905 constituta

125 1923 146 1956 ¹-
160 1923 267 1954 fxtfft-
287 1923 337 1957 D·
353 1917 506 1967 fuerat
520 1919 715 1976 licentia,
736 1918 936 1967 dubitari
954 1934 1046 1966 non
1062 1917 1229 1982 potest.
1257 1917 1331 1965 Est
1350 1933 1502 1965 tamen
1514 1919 1594 1967 ubi
1611 1920 1766 1967 locum
1781 1937 1895 1969 nunc
1911 1936 2028 1985 quo-

124 1970 204 2018 ΨΑ
217 1978 333 2004 ''²⁶²⁸‘’
356 1997 445 2044 que
462 1983 626 2029 habeat
644 2020 654 2037 ‚
675 1983 888 2029 nimirum
906 1981 982 2029 ubi
999 1981 1132 2028 cell'at
1149 1979 1395 2041 judicium:
1413 1996 1520 2027 nam
1536 1982 1610 2029 lex
1628 1998 1783 2031 vetans
1802 1985 1887 2031 fine
1905 1981 2028 2043 judi-

352 2047 429 2093 cio
458 2045 583 2092 suum
614 2044 747 2091 conse
781 2047 853 2102 ui,
870 2045 1062 2109 intelligi
1090 2042 1345 2090 commode
1373 2041 1512 2089 debet
1530 2045 1606 2091 ubi
1621 2048 1755 2109 copia
1770 2047 1831 2092 est
1849 2046 2024 2106 judicii.

353 2107 506 2156 Celsit
525 2123 675 2155 autem
705 2061 925 2166 judicium
940 2122 1261 2155 momentanee
1275 2145 1285 2163 ,
1305 2120 1382 2153 aut
1395 2106 1623 2154 continue.
1654 2108 1680 2135 *
1700 2109 2028 2156 momentanee

353 2171 490 2218 celsat
513 2211 521 2226 ,
542 2171 618 2217 ubi
635 2169 880 2233 exspectari
892 2171 1036 2232 judex
1052 2187 1142 2218 non
1160 2170 1309 2231 potest
1326 2169 1416 2216 fine
1430 2185 1559 2218 certo
1576 2173 1783 2240 periculo
1802 2186 1877 2219 aut
1893 2171 2028 2219 dam-

353 2251 430 2282 no.
451 2233 682 2281 Continue
698 2248 826 2286 vero,
843 2248 921 2282 aut
934 2236 1051 2294 jure,
1072 2247 1150 2279 aut
1164 2230 1306 2280 faeto.
1324 2232 1448 2289 Iure,
1469 2232 1499 2279 si
1517 2249 1616 2296 quis
1631 2234 1831 2282 versetur
1846 2237 1892 2282 in
1910 2236 2028 2283 locis

356 2314 450 2344 non
469 2299 705 2360 occupatis
726 2336 737 2353 ,
755 2312 806 2343 ut
825 2299 954 2354 mari,
972 2294 1231 2352 solitudine,
1246 2294 1397 2342 insulis
1414 2298 1566 2345 vacuis
1580 2335 1592 2354 ‚
1613 2298 1663 2344 δι’
1675 2297 1703 2345 fi
1721 2314 1810 2362 qua
1826 2298 1911 2346 alia
1925 2299 2026 2346 sunt

354 2361 460 2406 loca
488 2362 532 2407 in
549 2361 712 2422 quibus
728 2360 848 2407 nulla
875 2359 938 2407 est
964 2360 1124 2407 civitas
1141 2373 1153 2406 ε
1169 2356 1293 2405 faCto
1310 2396 1322 2415 ,
1342 2357 1373 2405 fi
1405 2355 1568 2406 subditi
1591 2359 1791 2419 judicem
1822 2378 1913 2408 non
1942 2377 2026 2409 au-

350 2423 496 2480 diant,
516 2439 593 2470 aut
609 2422 751 2484 judex
768 2438 925 2487 aperte
942 2422 1256 2487 cognitionem
1270 2421 1496 2481 rejecerit.
1519 2422 1664 2486 Qod
1679 2422 1873 2473 diximus
1885 2425 2026 2473 etiam

351 2486 452 2551 post
483 2486 648 2546 judicia
679 2488 947 2544 constituta,
967 2484 1159 2533 naturali
1181 2485 1272 2545 juri
1302 2499 1396 2532 non
1420 2499 1669 2551 repugnare
1701 2502 1837 2536 omne
1850 2487 2025 2537 bellum

353 2551 601 2613 privatum,
617 2551 754 2597 etiam
769 2549 942 2613 exlege
961 2548 1119 2596 Iudaeis
1136 2546 1244 2596 data
1258 2547 1446 2613 intelligi
1465 2548 1714 2611 potest,ubi
1731 2552 1786 2599 fic
1802 2567 1883 2617 per
1898 2549 2022 2598 Mo·-

129 2625 240 2660 ποτα.
257 2628 330 2669 φῆ),
356 2612 428 2660 sen
452 2613 581 2661 Deus
609 2614 811 2676 loquitur
838 2611 989 2660 Exod.
1021 2625 1165 2659 xxn.
1188 2623 1230 2658 2.
1265 2619 1304 2657 Si
1327 2619 1368 2659 in
1383 2612 1557 2670 effbffione
1585 2614 1828 2677 deprehensus
1845 2619 1917 2677 fhr
1936 2622 2024 2667 ,ita

127 2685 173 2753 ἐῢ
185 2689 219 2710 0-
232 2686 259 2712 ⁵·
276 2677 335 2707 du·
353 2683 591 2738 percutiatur
609 2695 652 2724 ut
670 2684 875 2733 moriatur,
895 2697 942 2724 ne
955 2694 1042 2724 rem
1064 2675 1167 2721 cadis
1182 2678 1252 2734 esto
1261 2678 1458 2736 percuffbr‚
1475 2675 1604 2731 nijam
1619 2679 1699 2724 dies
1711 2683 1878 2727 illuxerit
1892 2716 1905 2736 ,
1927 2694 2022 2726 tunc

146 2734 214 2755 '‘³’'
240 2734 325 2757 vm·
358 2746 458 2784 enim
476 2760 562 2786 reus
577 2745 680 2786 cadis
699 2748 783 2786 erit.
817 2738 1033 2787 Omnino
1053 2737 1174 2784 enim
1208 2736 1386 2784 videtur
1404 2736 1497 2785 haec
1514 2739 1590 2784 lex
1604 2752 1699 2787 tam
1725 2752 1935 2789 accurate·
1948 2741 2021 2788 di-

357 2801 576 2860 stinguens
596 2840 604 2853 ,
621 2819 713 2849 non
731 2801 877 2849 solum
898 2801 1220 2864 impunitatem
1236 2800 1450 2846 inducere
1465 2835 1476 2851 ‚
1493 2798 1568 2847 sed
1581 2802 1650 2861 jus
1665 2804 1799 2851 etiam
1819 2803 2023 2852 naturale

353 2853 579 2927 explicare
599 2887 612 2923 3
632 2881 776 2928 neque
789 2864 970 2912 fundari
987 2865 1032 2911 in
1051 2862 1262 2925 peculiari
1278 2857 1430 2925 aliquo
1447 2863 1661 2913 mandato
1679 2865 1837 2915 divino
1855 2906 1867 2923 ,
1885 2867 2022 2914 sedin

355 2931 587 2974 communi
619 2946 651 2975 :e
687 2930 861 2975 nitate:
886 2927 1010 2974 unde
1037 2926 1146 2973 alias
1175 2927 1316 2972 etiam
1332 2939 1490 2989 gentes
1517 2927 1565 2973 id
1580 2925 1781 2991 sequutas
1796 2930 2023 2978 videmus.

355 2988 544 3038 Notum
559 2991 620 3037 est
637 2993 667 3038 il
687 2991 747 3038 ud
763 3005 822 3037 x1
833 3006 855 3037 1
875 2989 1132 3037 tabularum
1150 2987 1274 3035 haud
1289 2987 1428 3036 dubie
1453 2989 1480 3017 *
1506 3004 1565 3037 ex
1581 2994 1721 3040 veteri
1744 2994 1844 3054 jure
1860 2993 2020 3040 Attico

356 3050 616 3117 profeCmm
637 3071 648 3102 ε
680 3062 719 3100 Si
733 3073 808 3102 nox
813 3059 978 3115 furtum
983 3059 1098 3117 faxit
1109 3087 1121 3108 ‚
1132 3053 1172 3112 fi
1180 3059 1237 3097 im
1252 3055 1391 3115 aliquis
1407 3055 1536 3108 occifin
1543 3054 1630 3108 jure
1646 3059 1746 3115 casus
1760 3061 1838 3115 esto.
1857 3055 1934 3103 Sic
1949 3056 2020 3102 in-

356 3117 460 3164 sons
476 3119 697 3171 omnium,
715 3132 831 3178 quos
850 3117 1078 3170 novimuS‚
1097 3113 1375 3178 populorum
1394 3110 1565 3180 legibus
1580 3117 1914 3182 judicatur,qui
1935 3116 2021 3165 ad-

358 3178 508 3225 versus
528 3179 833 3244 aggressorem
854 3179 991 3224 armis
1011 3178 1157 3225 vitam
1178 3177 1509 3241 periclitantem
1525 3178 1803 3229 defenderit:
1822 3183 1899 3245 qui
1920 3196 2017 3227 tam

357 3239 611 3289 manifestus
627 3239 862 3288 consensus
878 3239 1183 3288 testimonium
1211 3240 1381 3302 praebet
1400 3278 1412 3297 ,
1429 3241 1537 3289 nihil
1558 3244 1602 3289 in
1618 3259 1678 3289 eo
1694 3246 1780 3291 effe
1796 3242 1922 3308 quod
1939 3259 2022 3291 na-

359 3303 488 3352 turali
505 3305 591 3362 juri
610 3304 888 3351 adversetur.

427 3365 530 3419 111.
562 3367 640 3418 De
655 3369 755 3430 jure
770 3366 929 3419 divino
945 3366 1207 3417 voluntario
1221 3364 1512 3430 perfestiore,
1531 3365 1812 3437 Euangelico
1832 3369 2016 3475 scilicet.

1914 3446 1946 3493 p
1964 3443 2017 3476 us
