2475 3854
794 249 1772 294 Acraeis,1.113.11.
2026 258 2098 301 233

444 320 509 370 est
522 318 771 384 indigentia
789 356 802 375 ‚
834 332 887 366 ut
902 318 1163 369 Aristoteles
1178 318 1300 366 reete
1311 318 1503 367 ostendit
1519 336 1531 369 :
1550 321 1675 382 quod
1688 323 1731 367 in
1745 324 2094 383 permutationi·
2115 333 2202 369 Mor.
2217 335 2295 374 Nic.

445 385 531 432 bus
546 398 697 430 rerum
725 381 845 444 apud
860 381 1081 428 barbaros
1104 382 1298 444 populos
1315 384 1514 428 maxime
1539 382 1772 445 speeieatur.
1810 383 1926 431 Non
1941 399 2093 432 tamen
2115 391 2150 416 v.
2168 381 2204 418 ⁸·

443 446 539 494 haec
552 447 682 491 unica
697 443 760 490 est
772 442 992 490 mensura.
1025 442 1152 489 Nam
1164 445 1400 490 hominum
1413 444 1623 491 voluntas
1638 484 1650 500 ,
1669 462 1696 506 q
1701 464 1761 494 uae
1779 463 1928 494 rerum
1944 448 2095 494 domi-

444 523 505 557 na
516 506 578 553 est
595 544 607 562 ‚
624 504 789 552 multas
803 519 874 551 res
895 507 1040 568 magis
1054 505 1276 552 desiderat
1293 522 1425 568 quam
1441 507 1537 553 sunt
1560 508 1814 556 necessariae.
1835 516 2086 571 ufargaritbs,

444 570 593 631 inquit
605 568 792 624 Plinius,
806 566 969 629 *pretia
982 573 1139 615 luxuria
1146 574 1258 630 fecit.
1275 568 1334 615 Et
1350 567 1521 617 Cicero
1537 571 1726 619 Verriua
1743 572 1801 618 de
1817 572 1989 634 Signis:
2008 578 2090 633 Qi
2115 585 2170 615 xx,
2188 583 2248 623 35-

444 634 581 679 modus
596 637 649 675 eft
664 636 706 674 in
722 632 780 674 hia
805 632 916 676 rebus
941 633 1184 691 cupiditatis,
1214 632 1316 675 idem
1331 634 1380 688 est
1391 634 1641 688 astimasionis.
1683 632 1740 679 Et
1758 649 1865 680 cont
1872 650 1919 679 ra
1936 635 2088 680 evenit

444 707 498 739 ut
508 706 578 737 res
589 691 790 739 maxime
803 691 1045 737 neceffariae
1058 691 1245 737 minoris
1261 691 1342 737 fint
1356 707 1542 754 propter
1556 694 1901 758 copiam.Qod
1920 695 2090 742 Seneca

443 754 598 802 multis
612 752 830 815 exemplis
842 752 1038 799 ostendit
1051 753 1170 800 libro
1186 753 1245 799 de
1257 754 1486 801 Beneficiis
1499 771 1555 801 VI
1574 794 1586 812 ,
1604 772 1703 818 cap.
1722 773 1739 802 1
1753 772 1776 817 ς
1798 779 1811 815 3
1846 757 1920 804 ubi
1934 759 1980 804 &z
1998 760 2088 803 hoc

446 815 579 864 addit
598 830 609 862 :
626 821 802 862 Pretium
819 820 987 880 cujufiJue
1000 821 1055 862 rei
1065 831 1134 877 pro
1149 829 1310 876 tempore
1324 819 1387 872 est.
1420 835 1505 862 cum
1521 820 1609 862 bene
1622 823 1688 871 ista
1705 823 1924 866 laudaveris
1940 857 1951 875 ,
1982 825 2089 864 tanti
2108 835 2264 881 varetia.
2277 840 2324 875 D.

437 883 538 943 sunt
551 891 698 941 quanto
706 880 825 938 pluris
833 884 961 923 venire
973 897 1046 924 non
1053 881 1211 939 poffimt.
1245 875 1407 924 Paulus
1424 877 1751 926 Iurisconsultus
1770 898 1782 928 :
1811 888 1941 927 Pretia
1958 899 2084 926 rerum
2105 883 2149 914 “d
2162 884 2185 918 ¹·
2197 885 2289 918 Falc-

446 960 522 990 non
539 959 586 986 ex
598 943 734 999 affiffiss
744 958 808 1002 nec
816 943 990 985 utilitate
994 942 1228 1001 singulorum
1245 977 1257 995 ,
1275 943 1349 999 sed
1364 945 1394 974 *
1413 946 1659 986 communiter
1675 947 1912 1002 franguntur:
1942 942 1991 987 id
2005 942 2081 997 est,

445 1015 498 1051 ut
513 1001 620 1049 alibi
632 999 827 1064 explicat
844 1038 856 1056 ‚
889 1002 1043 1063 quanti
1057 999 1266 1049 omnibus
1293 1001 1476 1049 valeret.
1510 1001 1635 1048 Hinc
1652 998 1701 1048 fit
1713 1018 1759 1049 ut
1776 1019 1844 1050 res
1855 1007 1964 1050 tanti
1979 1003 2086 1049 aesti-
2109 1031 2146 1064 L.
2157 1009 2200 1064 ‘Si
2213 1030 2278 1072 a„

443 1077 611 1120 metm,
631 1076 846 1124 quantum
865 1067 949 1126 pro
968 1079 1022 1110 ea
1037 1064 1340 1109 communiter
1357 1063 1511 1110 offerri
1529 1079 1605 1110 aut
1623 1064 1718 1111 dari
1730 1065 1992 1128 ›lolet,quod
2008 1068 2086 1112 vix
2108 1087 2190 1108 vum
2215 1081 2264 1111 n.
2279 1079 2322 1113 ad

442 1126 508 1175 est
532 1140 584 1174 ut
610 1141 702 1172 non
733 1124 931 1187 aliquam
946 1125 1228 1172 latitudinem
1246 1125 1410 1175 habeat
1428 1165 1440 1182 ,
1465 1129 1578 1173 intra
1607 1143 1741 1188 quam
1772 1129 1871 1189 plus
1893 1127 2089 1176 minusve
2111 1123 2211 1167 “8²⁷'‘
2237 1131 2299 1157 “f-

442 1191 543 1238 dari
558 1202 635 1236 aut
662 1188 783 1252 exigi
798 1187 936 1251 poffit
954 1226 967 1246 ,
996 1187 1075 1237 nisi
1091 1187 1167 1236 ubi
1182 1188 1258 1234 lex
1273 1203 1448 1235 certum
1465 1190 1596 1236 rebus
1610 1192 1802 1249 pretium
1832 1190 1873 1230 ch
1888 1191 2009 1249 ςτΓμῇ,
2042 1205 2091 1237 ut
2111 1170 2192 1214 ‘'m“

441 1250 707 1301 Aristoteles
720 1250 925 1312 loquitur
941 1285 952 1299 ,
976 1250 1028 1296 id
1045 1250 1108 1297 est
1140 1258 1183 1299 in
1195 1256 1330 1311 prmffio
1345 1252 1582 1298 constituit.
1617 1250 1668 1298 In
1694 1254 1923 1299 communi
1941 1266 2090 1297 autern

441 1316 524 1364 illo
538 1315 686 1377 pretio
704 1351 717 1369 ‚
731 1312 758 1339 '¹‘
771 1314 886 1359 ratio
904 1312 1059 1359 haberi
1073 1311 1187 1358 solet
1204 1311 1413 1360 laborum
1428 1316 1477 1360 &
1488 1318 1780 1376 expensarum
1798 1330 1908 1375 quas
1921 1329 2094 1360 merca-

442 1391 570 1425 tores
591 1375 760 1422 faciunt
780 1390 792 1421 :
825 1373 1028 1437 soletque
1044 1374 1192 1421 subito
1207 1391 1387 1438 quoque
1401 1379 1564 1423 mutari
1582 1393 1638 1423 cx
1664 1378 1797 1437 copia
1814 1378 2027 1433 &inopia
2044 1393 2093 1421 e-

442 1440 667 1489 mentium
681 1476 694 1494 ,
711 1439 922 1502 pecuniae,
942 1438 1180 1484 mercium.
1214 1430 1446 1485 Caeterum
1462 1439 1637 1501 poffunt
1650 1441 1699 1484 &
1712 1438 1913 1500 quaedam
1929 1434 2013 1483 eise
2030 1439 2094 1483 rei

442 1501 697 1551 accidentia
725 1498 1022 1556 aestimabilia,
1054 1499 1120 1547 ob
1145 1516 1241 1563 quae
1257 1516 1327 1547 res
1342 1501 1463 1547 licite
1477 1501 1607 1562 supra
1629 1516 1704 1547 aut
1721 1501 1837 1546 infra
1853 1516 2095 1546 commune

442 1567 644 1629 pretium
658 1575 836 1609 ematur
851 1562 1146 1618 vendaturve‚
1165 1576 1272 1626 pura
1285 1563 1349 1610 ob
1365 1562 1583 1609 damnum
1599 1563 1872 1625 consequens
1892 1600 1902 1617 ,
1922 1562 2094 1607 lucrum

442 1627 625 1681 cessans,
644 1624 851 1672 affeRum
865 1625 1136 1688 peculiarem
1157 1662 1170 1679 ‚
1190 1638 1267 1671 aut
1283 1625 1313 1671 fi
1329 1628 1373 1672 in
1391 1628 1583 1684 gratiam
1596 1626 1778 1672 alterius
1790 1640 1858 1671 res
1875 1624 2096 1670 vendatur

442 1702 696 1744 ematurve‚
711 1689 879 1750 alioqui
892 1704 982 1735 non
997 1686 1192 1734 emenda
1205 1702 1280 1734 aut
1297 1687 1532 1734 vendenda
1548 1709 1563 1746 3
1580 1705 1674 1750 quae
1689 1686 1779 1751 ipsa
1796 1685 2038 1734 accidentia
2055 1686 2098 1732 ei

442 1770 551 1801 cum
566 1767 662 1816 quo
678 1753 825 1815 agitur
836 1750 1075 1798 indicanda
1086 1749 1198 1797 sunt.
1232 1750 1340 1810 Ejus
1356 1767 1538 1812 quoque
1554 1750 1704 1797 damni
1720 1765 1795 1795 aut
1813 1749 1919 1795 lucri
1933 1748 2097 1794 cessan-

445 1818 506 1863 tis
526 1816 647 1863 ratio
666 1813 819 1861 haberi
829 1814 993 1877 potest,
1013 1812 1142 1877 quod
1159 1828 1216 1859 ex
1231 1814 1366 1876 pretii
1377 1812 1599 1861 solutione
1614 1812 1752 1859 dilata
1768 1825 1844 1858 aut
1858 1811 2102 1872 anticipata¹

443 1879 649 1935 nascitur.

508 1941 559 1990 X
570 1940 632 1988 V.
668 1938 745 1987 De
761 1942 1026 1988 venditione
1040 1942 1090 1987 δε
1105 1938 1339 2004 emptione
1355 1937 1606 1985 notandum
1624 1937 1764 1982 etiam
1789 1934 1876 1981 fine
1885 1933 2101 1982 traditio·-

444 2021 519 2061 ne,
539 2003 637 2067 ipso
652 2001 913 2049 contractus
927 2015 1165 2049 momento
1185 2040 1196 2057 ,
1214 2001 1444 2048 transferri
1459 1998 1713 2047 dominium
1733 1997 1853 2060 poffe
1869 2035 1879 2051 ‚
1900 2010 2031 2057 atque
2047 1994 2095 2040 id

445 2065 533 2116 effe
549 2064 934 2129 simplicissimum.
965 2066 1030 2112 ita
1044 2068 1069 2095 *
1084 2061 1259 2111 Senecae
1275 2063 1481 2110 venditio
1493 2066 1673 2109 alienatio
1688 2064 1748 2118 est,
1769 2063 1962 2119 &reisue
1970 2062 2094 2117 Jurisss

445 2149 518 2194 que
534 2134 599 2189 fici
621 2137 663 2175 in
691 2132 817 2176 alium
848 2134 1079 2190 transsatio:
1117 2142 1222 2172 nam
1238 2127 1286 2171 Sc
1299 2127 1365 2172 ita
1396 2126 1443 2172 fit
1459 2127 1503 2172 in
1520 2122 1867 2185 permutatione.
1904 2118 2045 2180 Ogod
2062 2118 2093 2163 fi

445 2191 597 2238 adium
615 2190 668 2237 fit
684 2205 738 2236 ne
765 2189 915 2237 statim
943 2189 1201 2237 dominium
1233 2187 1424 2235 transeat
1441 2224 1453 2243 ,
1483 2182 1759 2250 obligabitur
1793 2181 2005 2228 venditor
2033 2180 2093 2224 ad

445 2252 651 2300 dandum
680 2253 967 2310 dominium3
1001 2265 1136 2314 atque
1152 2251 1331 2297 interim
1359 2265 1429 2298 res
1454 2250 1538 2294 erit
1553 2245 1809 2295 coinmodo
1826 2246 1872 2289 δε
1894 2240 2091 2306 periculo

446 2315 730 2378 venditoris:
746 2331 885 2376 quare
898 2314 1024 2378 quod
1041 2312 1249 2360 venditio
1263 2315 1311 2358 δε
1329 2314 1471 2358 emtio
1487 2311 1657 2356 constat
1672 2305 1926 2372 praestando,
1946 2318 1995 2348 ut
2015 2303 2092 2346 ha·-

447 2375 557 2424 bere
573 2377 704 2424 liceat
717 2377 766 2423 &
781 2377 1054 2424 eviCtionem
1067 2411 1079 2425 ‚
1095 2376 1204 2421 item
1221 2374 1348 2437 quod
1367 2389 1437 2421 res
1454 2372 1653 2437 periculo
1670 2371 1731 2416 est
1747 2381 1932 2414 emtons
1950 2402 1960 2419 ,
1978 2365 2026 2407 &
2043 2377 2093 2408 ut

447 2437 620 2486 fruetus
636 2439 694 2486 ad
709 2453 813 2484 eum
863 2440 1098 2493 ertineant,
1112 2451 1350 2500 antequam
1366 2436 1623 2482 dominium
1642 2430 1844 2483 tranleat,
1859 2440 2092 2495 commen-

447 2514 497 2548 ta
512 2502 609 2550 sunt
623 2503 728 2561 juris
744 2502 831 2548 civi
851 2504 886 2548 is
903 2540 915 2558 ,
946 2499 1074 2563 quod
1091 2514 1173 2544 nec
1188 2500 1355 2561 ubique
1371 2497 1635 2545 observatur
1653 2511 1664 2542 z
1683 2497 1777 2540 imo
1793 2489 2005 2554 plerisque
2029 2486 2093 2531 le-

448 2580 560 2628 gum
575 2563 893 2611 conditoribus
907 2560 1113 2627 placniffe
1129 2599 1140 2616 ‚
1155 2560 1281 2614 utad
1295 2559 1585 2606 traditionem
1604 2556 1661 2604 us
1655 2570 1739 2619 que
1758 2568 1825 2599 res
1838 2548 2090 2618 commodo

449 2629 501 2674 &
516 2625 717 2690 periculo
735 2625 985 2673 venditoris
997 2623 1050 2669 fit
1065 2661 1077 2679 ,
1104 2625 1281 2670 notavit
1295 2620 1636 2684 Theophrastus
1654 2621 1696 2664 in
1713 2618 1816 2662 Ioco
1832 2628 1903 2681 qiu
1931 2616 1955 2640 *
1973 2610 2093 2665 apud*

448 2688 686 2737 Stobaeum
701 2688 777 2745 est,
794 2688 871 2735 ubi
888 2690 939 2734 Sc
950 2686 1093 2734 multa
1110 2684 1196 2733 alia
1213 2685 1409 2734 instituta
1424 2685 1616 2748 reperias
1633 2680 1690 2725 de
1708 2678 1969 2746 solennitate
1987 2690 2093 2719 ven-

448 2749 714 2808 ditionis‚de
729 2749 996 2804 arrhabone,
1015 2748 1074 2794 de
1087 2748 1363 2809 poenitentia,
1378 2746 1568 2793 multum
1588 2741 1832 2808 differentia
1847 2740 1872 2781 a
1884 2750 1982 2793 Jure
1994 2732 2096 2779 Ro-

449 2828 590 2863 mano
608 2812 756 2861 :licut
772 2814 821 2859 &
839 2811 959 2876 apud
975 2809 1190 2860 Rhodios
1220 2810 1371 2869 perfici
1388 2808 1566 2855 solitam
1597 2802 1901 2867 venditionem
1928 2798 1975 2840 8<
1987 2812 2093 2864 con-

449 2874 618 2924 traaas
634 2873 858 2937 quosdam
874 2874 988 2921 alios
1003 2872 1219 2921 relatione
1235 2873 1279 2917 in
1293 2871 1389 2918 asta
1407 2908 1419 2926 ‚
1447 2869 1623 2915 notavit
1647 2862 1689 2910 in
1715 2860 1951 2932 Rhodiaca
1971 2858 2094 2903 Dion

452 2936 726 2995 Prusaeenfis.
761 2936 878 2983 Illud
892 2949 1074 2998 quoque
1090 2932 1332 2989 sciendum,
1351 2932 1381 2979 fi
1402 2948 1472 2977 res
1487 2931 1554 2976 bis
1570 2929 1619 2975 fir
1637 2924 1833 2977 vendita,
1854 2936 1909 2965 ex
1924 2918 2095 2985 duabus

451 2997 791 3049 venditionibus
814 3014 917 3044 eam
930 2998 1165 3045 valituram
1192 3011 1285 3055 quae
1316 2997 1360 3040 in
1388 2993 1432 3039 se
1443 2991 1661 3039 continuit
1675 2988 1926 3046 praesentem
1945 2980 2095 3049 (iomi-

453 3064 516 3110 nii
532 3059 881 3115 transsationem,
895 3059 984 3105 five
999 3072 1080 3120 per
1089 3055 1494 3112 traditionem,five
1511 3055 1648 3100 aliter.
1667 3050 1750 3095 Per
1768 3051 1875 3092 hanc
1892 3057 2010 3087 emm
2026 3040 2095 3086 fa-

451 3125 598 3173 cultas
612 3122 797 3168 moralis
818 3123 862 3167 in
873 3134 971 3167 rem
983 3120 1091 3167 abiit
1104 3121 1132 3165 ἐι
1149 3117 1417 3166 venditore:
1435 3116 1560 3183 quod
1577 3129 1663 3161 non
1677 3112 1724 3157 fit
1739 3122 1817 3170 per
1832 3106 1971 3152 solam
1987 3118 2096 3165 pro-

454 3185 731 3236 mistionem.

520 3247 572 3296 X
584 3246 673 3295 VI.
711 3233 988 3308 Monopolia
1001 3240 1029 3270 *
1045 3257 1137 3289 non
1165 3243 1321 3351 omnis}
1345 3256 1449 3288 cum
1464 3241 1561 3299 jure
1577 3248 1737 3286 natura:
1753 3240 2104 3336 pugnantbsignn}
