2475 3854
742 279 1653 325 aetneis,r.1n.1‚
1993 284 2042 333 63

423 338 591 392 endum
604 337 686 399 est,
701 341 726 372 *¹
741 340 773 390 fi
789 355 867 390 aut
879 340 1078 409 expresse
1088 343 1341 393 'instituatur
1388 349 1553 405 artitiQ
1575 366 1660 411 qua
1680 350 1737 397 dc
1750 366 1798 398 re
1819 350 1943 414 supra
1957 353 2046 409 jam

389 356 593 454 {intimus
609 440 623 460 ,
644 416 720 452 aut
748 403 780 451 fi
812 403 924 468 quid
948 403 1139 473 pop-ulus
1162 407 1308 455 adhuc
1332 408 1362 456 li
1398 426 1445 455 er
1473 410 1626 458 futuro
1651 414 1744 477 regi
1762 416 1950 478 imperet
1967 430 2045 477 per

391 466 588 519 modum
604 468 827 515 manentis
842 481 1076 536 praecept13
1092 482 1167 515 aut
1185 469 1214 516 fi
1227 470 1333 533 quid
1348 471 1398 518 sit
1410 472 1612 520 additum
1634 512 1645 530 ,
1659 492 1751 536 quo
1776 477 1912 522 intelli
1949 493 2046 523 atur

391 544 552 596 regem
564 543 622 575 co
656 530 669 575 i
686 543 763 576 aut
784 531 929 593 puniri
943 529 1075 594 posse.
1108 530 1235 579 Nam
1252 549 1518 597 praeceptum
1535 536 1595 582 est
1612 536 1873 600 superioris,
1893 494 2046 584 fffiiem

393 594 441 643 in
457 606 517 639 eo
529 606 621 654 quo
671 594 924 656 praecipitur
943 609 955 640 2
971 591 1214 656 Etcogere
1230 611 1319 641 non
1334 596 1393 642 est
1413 597 1596 658 quidem
1609 598 1778 661 semper
1798 599 2048 662 superioris:

394 670 502 705 nam
515 657 563 700 &
581 653 842 702 naturaliter
857 653 1037 717 quisque
1054 655 1122 714 jus
1138 656 1274 704 habet
1288 659 1478 723 cogendi
1493 659 1761 718 debitorem,
1781 662 1852 708 sed
1867 679 1967 708 cum
1983 665 2049 709 in-

395 717 581 767 ferioris
610 730 767 764 natura
793 732 1032 780 repugnat.
1068 717 1223 781 ltaque
1237 736 1295 766 ex
1313 720 1546 768 coac‘tione
1564 721 1713 770 saltem
1733 726 1895 786 paritas
1911 725 2050 786 sequie·

396 795 489 837 tur,
503 794 556 825 ac
570 778 767 843 proinde
780 779 1046 829 summitatis
1060 778 1234 829 divisio.
1252 782 1391 830 Multi
1401 782 1607 830 adversus
1627 784 1758 831 talem
1774 786 1930 832 statum
1947 803 2051 847 qua-

399 844 433 894 fi
447 843 686 905 bicipitem
701 841 999 889 incommoda
1014 842 1154 889 multa
1170 844 1380 893 deferunt
1396 866 1414 905 3
1440 845 1515 892 sed
1530 860 1579 892 ut
1593 844 1720 906 supra
1743 864 1920 911 quoque
1937 850 2053 895 dixi-

400 919 522 962 muS,
545 906 593 952 in
618 904 822 954 civilibus
841 905 949 952 nihil
966 904 1028 952 est
1045 906 1169 967 quod
1186 910 1312 954 omni
1328 923 1384 954 ex
1401 922 1528 971 parte
1544 909 1844 956 incommodis
1871 926 2019 957 careat
2037 930 2053 967 3

401 970 453 1016 δι
478 969 550 1030 jus
566 984 658 1016 non
680 982 739 1014 ex
755 982 813 1015 eo
836 967 964 1030 quod
981 969 1209 1030 optimum
1234 971 1335 1017 huic
1352 985 1428 1016 aut
1439 971 1502 1017 illi
1524 969 1716 1027 videtur,
1735 971 1809 1018 sed
1823 988 1877 1018 ex
1895 973 2054 1018 volun-

403 1044 499 1079 tate
515 1031 613 1091 ejus
635 1028 755 1079 unde
776 1032 845 1092 jus
860 1031 1007 1078 oritur
1033 1031 1314 1079 metiendum
1331 1031 1409 1079 est.
1443 1032 1710 1095 Exemplum
1727 1047 1853 1080 vetus
1867 1033 2056 1080 refertur

405 1096 435 1142 a
449 1092 638 1142 Platone
667 1092 728 1140 de
755 1091 934 1157 legibus
963 1093 1122 1139 tertio.
1157 1093 1281 1142 Cum
1298 1096 1417 1141 enim
1434 1094 1684 1141 Heraclidae
1699 1095 1844 1158 Argos
1866 1135 1876 1151 ,
1895 1096 2058 1141 Messe-

407 1171 513 1205 nam
529 1156 580 1203 δι
593 1154 971 1204 Lacedaemonem
983 1154 1296 1214 condidissent,
1316 1156 1509 1204 adstricti
1524 1173 1651 1222 reges
1665 1159 1778 1204 intra
1795 1158 2059 1220 praescripta-

408 1233 516 1268 rum
531 1217 687 1289 legum
700 1217 898 1266 modurn
927 1220 1149 1281 imperare
1167 1258 1180 1277 ,
1197 1219 1334 1283 idque
1360 1218 1469 1266 dum
1485 1219 1682 1268 facerent
1710 1219 1800 1267 obli
1837 1220 1895 1265 ati
1907 1220 2060 1283 populi

408 1280 513 1346 ipfis
527 1282 820 1345 ipsorumque
834 1279 1020 1346 posteris
1048 1295 1238 1355 regnum
1254 1283 1506 1346 relinquere
1521 1321 1533 1340 ‚
1552 1297 1634 1329 nec
1650 1297 1698 1328 ut
1728 1234 1952 1345 quisquam
1969 1282 2060 1328 adi-

410 1359 557 1393 meret
572 1346 683 1409 pati.
711 1343 852 1407 Inque
867 1342 917 1391 id
938 1357 1030 1391 non
1052 1341 1137 1394 suis
1164 1360 1338 1394 tantum
1354 1360 1404 1393 re
1436 1344 1534 1393 ibus
1549 1345 1702 1408 populi
1720 1361 1770 1391 ac
1790 1344 1964 1407 populis
1982 1342 2064 1395 suis

413 1414 558 1474 reges,
575 1405 654 1455 sed
668 1408 718 1454 &
750 1410 776 1438 *
811 1407 890 1472 ipsi
907 1408 1028 1454 iuter
1042 1405 1087 1456 se
1101 1423 1228 1472 reges
1249 1447 1262 1465 ,
1279 1361 1523 1472 popuiique
1536 1410 1652 1455 inter
1667 1406 1710 1453 se
1728 1445 1739 1464 ,
1755 1408 1803 1453 δε
1818 1421 1944 1467 reges
1956 1407 2066 1451 vici·

414 1472 487 1519 nis
498 1470 677 1535 populis
694 1503 712 1526 ,
726 1470 778 1516 &
795 1469 954 1534 populi
965 1470 1124 1519 vicinis
1139 1470 1316 1537 regibus
1340 1471 1480 1519 fidem
1497 1468 1733 1527 dederunt,
1749 1470 2005 1531 auxilioque
2019 1467 2065 1513 se

415 1531 599 1582 futuros
616 1532 695 1579 alii
710 1533 808 1579 aliis
887 1531 1013 1579 lliciti
1029 1533 1141 1582 sunt.

480 1594 532 1644 X
548 1593 714 1646 V111.
747 1547 953 1643 Muffum
982 1609 1138 1644 tamen
1160 1593 1376 1643 falluntur
1404 1599 1482 1660 qui
1511 1595 1759 1644 existimant
1778 1635 1788 1651 ,
1806 1609 1908 1640 cum
1944 1606 2070 1654 reges

421 1657 522 1707 aeta
552 1656 757 1721 quaedam
773 1655 849 1705 sua
863 1656 1021 1705 nolunt
1035 1673 1135 1707 rata
1149 1658 1234 1706 effe
1248 1658 1325 1704 nisi
1341 1663 1368 1707 a
1382 1658 1548 1707 Senatu
1573 1673 1649 1706 aut
1662 1658 1754 1705 alio
1785 1671 1903 1703 coetu
1920 1655 2068 1714 aliquo

421 1718 674 1785 probentur
694 1757 706 1778 ‚
723 1721 1014 1785 partitionem
1043 1723 1140 1769 fieri
1172 1720 1429 1786 potcstatis:
1455 1738 1558 1769 nam
1575 1738 1668 1783 quae
1683 1719 1776 1768 abta
1790 1734 1892 1765 eum
1910 1719 1955 1762 in
1970 1730 2072 1761 mo-

421 1783 533 1832 dum
548 1781 857 1832 rescinduntur
873 1822 886 1841 ,
901 1783 1088 1849 intelligi
1102 1779 1267 1831 debent
1283 1781 1467 1830 rescindi
1483 1785 1600 1848 regis
1615 1783 1744 1845 ipfius
1764 1780 1952 1842 imperio
1971 1817 1982 1835 ‚
1999 1780 2073 1838 qui

423 1862 483 1897 eo
498 1844 646 1896 modo
661 1845 741 1893 sibi
760 1859 922 1893 cavere
933 1847 1094 1904 voluit,
1108 1864 1162 1896 ne
1177 1844 1285 1910 quid
1298 1844 1516 1895 fallaciter
1528 1849 1819 1908 impetratum
1838 1882 1848 1897 ,
1866 1856 1950 1904 pro
1969 1855 2073 1908 vera

423 1909 556 1975 ipsius
589 1908 822 1957 voluntate
849 1907 1105 1962 haberetur.
1137 1911 1266 1974 quale
1297 1922 1393 1955 erat
1409 1907 1620 1955 Antiochi
1649 1907 1772 1954 tertii
1789 1906 1903 1968 regis
1918 1901 2071 1948 rescri-
2088 1898 2219 1980 gost-³7³
2231 1911 2253 1953 ⁶,-
2264 1902 2298 1934 ἵ·

426 1986 558 2038 ptum
572 1969 633 2018 ad
649 1970 946 2034 magistratus,
963 1985 1019 2020 ne
1032 1972 1108 2021 fibi
1126 1984 1332 2038 parerent
1349 2010 1360 2027 ,
1380 1971 1411 2017 fi
1428 1972 1536 2034 quid
1550 1970 1726 2035 legibus
1740 1965 1966 2035 adversum
1984 1962 2067 2033 iuss
2084 1961 2221 2028 9222
2238 1960 2270 1979 ”¹

427 2034 540 2086 iisset
556 2055 573 2094 3
589 2035 638 2082 δι
656 2032 964 2092 Constantini,
986 2051 1042 2082 ne
1058 2036 1213 2102 pupilli
1239 2048 1316 2080 aut
1329 2033 1472 2081 viduae
1497 2047 1715 2098 cogantur
1740 2031 1895 2096 venire
1919 2027 2067 2097 judicu
2095 2041 2298 2086 Pluoqpopu.

428 2096 559 2146 causa
571 2095 632 2144 ad
643 2099 914 2145 comitatum
941 2099 1228 2163 imperatoris
1246 2133 1258 2150 ,
1274 2100 1298 2125 *
1315 2095 1483 2143 etiamsi
1502 2094 1790 2158 Imperatoris
1821 2097 2073 2159 relcriptum
2088 2090 2129 2167 (L
2147 2101 2245 2161 ἰωῇ·

429 2158 708 2225 proferatur.
743 2161 896 2222 Qre
916 2163 1007 2211 haec
1024 2176 1098 2208 res
1116 2157 1268 2210 similis
1283 2158 1343 2205 est
1359 2158 1626 2205 testamentis
1642 2195 1653 2212 ,
1673 2153 1829 2219 quibus
1848 2152 1902 2199 ad
1909 2150 2069 2211 Jectum
2086 2147 2259 2215 „35:222

431 2223 511 2281 est,
530 2237 586 2271 ne
601 2220 817 2287 posterius
827 2222 1139 2271 testamentum
1155 2222 1300 2272 valeat
1317 2237 1328 2268 ε
1347 2237 1450 2266 nam
1465 2221 1552 2267 haec
1570 2233 1748 2281 quoque
1776 2214 1960 2261 clausula
1974 2211 2073 2257 effi-

431 2289 568 2343 cit‚ut
585 2284 801 2347 posterius
817 2285 1132 2333 testamentum
1149 2302 1238 2332 non
1257 2297 1313 2328 ex
1329 2298 1434 2330 vera
1451 2284 1679 2329 voluntate
1695 2276 1945 2340 profestum
1968 2290 2075 2335 prae-

435 2348 652 2398 sumatur.
685 2346 778 2394 Sed
808 2344 915 2394 ficut
942 2348 1034 2395 haec
1057 2346 1245 2396 clausula
1263 2384 1274 2401 ,
1293 2346 1356 2391 ita
1372 2343 1512 2390 &illa
1531 2346 1646 2407 regis
1673 2341 1781 2402 jussu
1798 2337 1995 2400 expresso
2023 2350 2073 2380 ac

435 2409 610 2476 speciali
624 2409 881 2471 posterioris
895 2409 1138 2458 voluntatis
1152 2408 1465 2473 significatione
1480 2407 1578 2452 tolli
1595 2403 1769 2471 potest..
1937 2461 1947 2468 ο

502 2471 667 2524 XIX.
700 2469 793 2518 Sed
821 2487 965 2534 neque
981 2471 1159 2535 Polybii
1176 2472 1251 2518 hic
1279 2483 1386 2515 utor
1403 2468 1664 2515 auctoritate
1698 2480 1770 2526 qm
1799 2461 1854 2508 ad
1888 2473 2078 2507 mixtum

440 2551 582 2609 genus
597 2532 846 2597 reipublicae
861 2532 1001 2580 refert
1015 2533 1271 2581 Romanam
1288 2528 1607 2592 rempublicam
1628 2567 1637 2584 ,
1655 2544 1748 2589 quae
1765 2525 1840 2595 illo
1858 2536 2075 2628 tempo-re,

444 2606 476 2650 11
485 2613 576 2648 non
590 2596 788 2645 actiones
804 2594 932 2659 ipsas,
948 2595 1025 2642 sed
1041 2597 1110 2657 jus
1125 2594 1289 2659 agendi
1303 2593 1555 2656 respicimus
1570 2627 1580 2641 ,
1596 2605 1717 2636 mere
1730 2586 1817 2658 'fuit
1834 2601 1949 2649 popu
1970 2597 2076 2629 ans:

444 2661 574 2712 Nam
592 2661 640 2706 &
652 2657 840 2708 Senatus
856 2658 1112 2714 auctoritas,
1141 2674 1276 2720 quam
1289 2655 1344 2702 ad
1362 2657 1632 2706 optimatum
1650 2665 1843 2713 regimen
1859 2645 2012 2697 refert,
2033 2646 2080 2687 δε

446 2721 679 2774 consulum
691 2735 806 2783 quos
821 2719 941 2783 quasi
960 2735 1089 2785 reges
1104 2719 1227 2767 fuiffe
1246 2718 1355 2772 vult,
1373 2715 1543 2763 subdita
1559 2729 1651 2761 erat
1670 2711 1853 2779 populo.
1884 2707 2008 2776 Idem
2026 2706 2084 2749 de

448 2788 641 2837 aliorum
655 2782 843 2846 politica
868 2781 1153 2831 scribentium
1172 2781 1394 2829 sententiis
1411 2777 1577 2825 dictum
1595 2776 1725 2829 volo,
1754 2789 1825 2835 qui
1844 2785 1984 2841 magis
2007 2783 2087 2834 cx·

448 2862 624 2899 ternam
653 2845 844 2909 speciem
856 2848 905 2892 &
920 2844 1227 2906 quotidianam
1244 2840 1665 2890 administrationem
1683 2875 1693 2892 ‚
1721 2851 1851 2897 quain
1869 2849 1933 2893 lus
1951 2834 2088 2892 ipsum

451 2911 615 2960 summi
630 2909 807 2970 imperii
822 2906 1017 2969 spectare
1034 2922 1282 2971 congruens
1296 2903 1460 2950 ducunt
1475 2902 1551 2948 suo
1567 2900 1775 2966 instituto.
1812 2956 1825 2964 ῃ
1899 2957 1908 2964 ·

518 2973 570 3022 X
584 2972 653 3020 X.
687 2971 843 3034 Magis
859 2969 917 3015 ad
933 2984 1028 3017 rem
1048 2973 1241 3027 pertinet
1273 2965 1396 3029 quod
1416 2963 1671 3010 Aristoteles
1689 2963 1865 3019 lctiplit,
1898 2968 2009 3001 inter
2027 2967 2092 2996 rc-

454 3051 593 3104 gnum
608 3033 788 3097 plenum
836 3030 931 3078 uod
944 3029 1237 3089 παριςασιλάωσ
1250 3042 1398 3077 vocat.
1419 3027 1436 3085 (
1454 3025 1612 3071 eadem
1627 3022 1686 3069 est
1711 3023 1735 3048 *
1768 3018 1948 3093 πιῖτῆὖς
1961 3030 2094 3085 5⁰⁹⁴?-

452 3099 539 3158 χέει,
557 3095 777 3159 Sophocli
793 3048 1037 3170 antigone,
1057 3094 1302 3142 Plutarcho
1320 3092 1344 3120 ²*
1361 3086 1598 3146 οἰυτοιιςαιπῖς
1613 3083 1794 3156 βασιλέα
1809 3099 1870 3150 '2⁹54
1887 3077 2097 3120 ωυπευθυ-

459 3169 551 3212 πῶς
565 3157 796 3214 Straboni,
816 3154 947 3204 ἔξω-ιι
960 3155 1160 3202 duva-cavi<
1177 3158 1192 3215 )
1209 3156 1257 3199 δε
1273 3167 1458 3215 regnum
1474 3150 1748 3196 Laconicum
1770 3159 1862 3203 ,qui
1879 3153 2023 3186 merus
2035 3135 2097 3181 est

461 3225 736 3290 principatus
755 3258 767 3276 ,
780 3218 954 3280 aliquot
985 3222 1107 3281 regni
1134 3217 1296 3278 species
1327 3212 1411 3260 'effe
1435 3210 1700 3278 interjectas.
1732 3207 1830 3272 Ego
1846 3200 2101 3271 exemplum

470 3288 601 3347 hujus
617 3285 681 3332 rei
706 3281 802 3330 dari
821 3279 1015 3326 arbitror
1031 3279 1150 3344 posse
1165 3281 1209 3324 in
1225 3276 1402 3342 regibus
1417 3272 1618 3321 Hebraeis
1633 3287 1647 3320 ε
1670 3285 1772 3316 nani
1790 3269 1833 3312 hi
1850 3279 2010 3328 quium
2023 3275 2106 3370 gg
