2380 3917
766 365 1660 412 PROLEGOMENA.

384 439 528 490 Faber
545 440 587 486 in
605 437 894 487 Semestrium
907 436 1130 499 capitibus
1145 439 1382 496 nonnullis,
1397 438 1473 487 sed
1490 455 1577 503 pro
1596 439 1781 489 instituti
1797 438 1860 488 sui
1877 440 2043 502 modo,

381 506 433 551 δι
453 502 718 551 testimoniis
735 517 910 548 tantum
927 501 1071 547 allatis
1086 521 1102 560 ;
1125 499 1323 549 diffusius
1337 541 1348 559 ,
1378 504 1428 549 &
1441 518 1490 551 ut
1501 503 1560 551 ad
1573 503 1860 552 definitiones
1872 504 2045 570 aliquas

381 566 699 628 exemplorum
713 566 974 630 congeriem
994 562 1219 612 referrent
1235 602 1247 621 ,
1274 565 1515 614 Balthazar
1529 566 1670 629 Ayala
1684 606 1695 623 ,
1713 568 1762 613 δε
1777 567 1876 630 plus
1891 583 1950 616 eo
1963 569 2040 616 Al·

381 630 558 679 bericus
577 629 767 676 Gentilis
787 628 941 687 :cujus
951 627 1183 691 diligentia
1203 668 1214 685 ‚
1242 627 1350 676 sicut
1366 629 1479 677 alios
1494 630 1702 691 adjuvari
1720 630 1842 693 poffe
1855 630 1946 678 scio
1961 669 1975 689 ,
1991 632 2044 680 &

379 708 457 742 me
472 691 678 752 adjutum
699 691 921 754 profiteor
934 729 946 747 ,
965 692 1030 738 ita
1049 690 1156 753 quid
1172 693 1216 738 in
1232 692 1428 739 docendi
1445 709 1611 758 genere
1631 731 1643 750 ,
1672 692 1782 757 quid
1799 695 1842 740 in
1859 693 2040 754 ordine,

443 755 551 803 ‘din
569 754 891 819 distinguendis
907 754 1221 816 quaestionibus
1241 793 1252 810 ,
1285 755 1476 820 jurisque
1492 757 1654 805 diversi
1671 755 1907 820 generibus
1924 757 2042 806 defi-

412 819 530 868 erari
545 820 588 864 in
605 834 664 864 eo
684 816 820 880 poffit
840 854 852 873 ,
884 816 1126 865 lestori'ous
1139 818 1361 878 judicium
1384 821 1609 883 relinquo.
1644 819 1762 868 Illud
1778 834 1954 868 tantum
1969 820 2047 868 di-·

374 897 479 930 cam
500 919 511 938 ,
538 880 682 928 solere
705 896 809 927 eum
828 878 935 945 saepe
948 882 993 927 in
1011 881 1331 929 controversiis
1347 882 1607 931 definiendis
1621 883 1738 947 sequi
1758 923 1768 941 ,
1789 898 1866 931 aut
1882 899 2039 932 exem-

405 945 445 993 la
458 960 597 1009 pauca
612 958 704 991 non
717 943 895 1007 semper
913 943 1150 1007 probanda
1165 983 1177 1002 ‚
1212 959 1289 992 aut
1303 946 1441 993 etiam
1466 946 1783 995 auctoritatem
1807 963 2039 996 novorum

394 1007 797 1056 urisconsultorurn
812 1009 858 1054 in
871 1006 1088 1071 responfis
1110 1045 1122 1063 ,
1156 1023 1353 1071 quorum
1377 1024 1467 1056 non
1484 1026 1625 1073 pauca
1640 1010 1698 1058 ad
1716 1010 1906 1075 gratiam
1923 1027 2041 1058 con-

367 1070 609 1124 sulentium
631 1105 643 1121 ,
679 1085 772 1117 non
801 1069 859 1118 ad
877 1070 1204 1133 aequibonique
1222 1086 1430 1119 naturam
1449 1071 1548 1120 sunt
1562 1073 1829 1139 compofita.
1861 1072 2040 1122 ‘Causas

365 1135 489 1183 unde
503 1134 673 1183 bellum
683 1133 847 1193 justum
869 1148 948 1180 aut
971 1132 1180 1195 injustum
1198 1133 1366 1181 dicitur
1383 1172 1396 1191 ,
1410 1134 1553 1198 Ayala
1571 1152 1663 1184 non
1674 1136 1852 1200 attigit:
1874 1138 2039 1185 Genti-

365 1198 425 1247 lis
437 1197 613 1247 summa
630 1197 834 1258 quaedam
865 1211 1034 1257 genera
1053 1234 1064 1253 ‚
1098 1213 1190 1260 quo
1222 1197 1299 1261 ipfi
1319 1197 1461 1246 visum
1481 1198 1545 1246 est
1561 1236 1572 1251 ,
1602 1199 1752 1248 modo
1768 1199 2037 1258 delineavit,

365 1261 542 1310 multos
565 1275 678 1308 vero
696 1262 744 1307 &
758 1257 979 1307 nobilium
994 1261 1043 1305 &
1062 1259 1369 1322 frequentium
1387 1262 1798 1311 controversiarum
1820 1263 1951 1311 locos
1979 1281 2039 1312 ne

363 1325 520 1390 attigit
537 1322 744 1387 quidem.
771 1321 879 1370 Nos
898 1338 955 1368 ne
975 1322 1083 1386 quid
1100 1324 1188 1370 tale
1206 1323 1423 1372 indictum
1440 1323 1587 1373 abiret
1604 1341 1794 1397 operam
1807 1325 2037 1386 dedimus,

364 1387 576 1436 indicatis
593 1388 732 1433 etiam
749 1385 1128 1447 dijudicationum
1147 1385 1350 1435 fontibus
1369 1426 1381 1445 ‚
1411 1388 1531 1436 unde
1559 1387 1692 1436 facile
1709 1388 1821 1437 effet-
1850 1392 1990 1437 etiam
2005 1389 2040 1439 fi

397 1450 479 1497 uid
495 1449 708 1498 omissum
721 1454 748 1498 a
768 1448 900 1496 nobis
918 1448 1023 1496 effet
1047 1449 1246 1498 definire.
1279 1450 1487 1515 Superest
1503 1467 1552 1500 ut
1568 1451 1729 1517 quibus
1752 1466 1844 1517 ego
1860 1451 2038 1501 auxiliis

365 1466 418 1560 gc
435 1529 524 1576 qua
540 1529 647 1560 cura
666 1513 779 1559 hanc
798 1528 895 1560 rem
914 1512 1141 1577 aggressus
1170 1513 1249 1561 fim
1268 1553 1280 1572 ,
1312 1514 1513 1563 breviter
1537 1530 1785 1578 exponam.
1831 1513 2039 1565 Primum

367 1577 481 1624 mihi
494 1592 602 1623 cura
619 1576 711 1624 haec
725 1574 828 1632 fuit,
843 1589 893 1622 ut
910 1592 1072 1622 eorum
1088 1593 1182 1639 quae
1201 1576 1259 1624 ad
1276 1579 1349 1638 jus
1365 1591 1531 1627 naturae
1550 1580 1776 1644 pertinent
1793 1578 2038 1642 probatio-

366 1656 446 1688 nes
471 1638 692 1686 referrem
720 1639 783 1686 ad·
794 1640 1005 1686 notiones
1042 1638 1254 1702 quasdam
1272 1655 1366 1688 tam
1384 1655 1532 1691 certas
1549 1656 1600 1689 nt
1616 1658 1692 1691 eas
1718 1657 1858 1689 nemo
1874 1658 2040 1706 negare

364 1702 506 1768 poffit
523 1741 535 1759 ,
553 1703 629 1749 nifi
652 1701 730 1748 fibi
743 1703 839 1750 vim
856 1702 1034 1750 inferat.
1071 1702 1292 1768 Principia
1306 1705 1427 1751 enim
1438 1706 1535 1766 ejus
1549 1706 1659 1766 juris
1677 1745 1689 1763 ,
1727 1704 1758 1752 fi
1774 1704 1923 1760 modo
1941 1707 2040 1753 ani-

364 1783 494 1813 mum
513 1764 633 1813 reete
647 1764 858 1813 advertas
875 1804 886 1822 ,
922 1783 1002 1830 per
1018 1765 1062 1813 se
1080 1780 1235 1830 patent
1251 1781 1388 1831 atque
1401 1768 1636 1816 evidentia
1651 1768 1748 1817 sunt
1766 1805 1778 1824 ‚
1814 1767 1961 1816 ferme
1976 1769 2038 1817 ad

363 1829 559 1878 modum
590 1843 750 1874 eorum
779 1844 872 1891 quae
892 1827 1081 1876 sensibus
1111 1832 1308 1878 externis
1328 1832 1633 1894 percipimu83
1666 1833 1742 1896 qui
1759 1831 1808 1878 &
1824 1833 1837 1878 i
1873 1830 1903 1879 fi
1920 1831 2038 1879 bene

362 1891 668 1939 conformatis
688 1890 902 1938 sentiendi
914 1892 1281 1944 instrumentis&
1301 1893 1330 1940 si
1348 1908 1501 1942 cetera
1518 1894 1754 1943 necessaria
1770 1893 1828 1941 ad
1847 1909 1925 1945 int,
1942 1911 2037 1943 non

364 1955 536 2003 fallunt.
570 1955 685 2002 Ideo
703 1956 748 2001 in
767 1953 1003 2003 Phoeniffis
1021 1955 1259 2019 Euripides
1276 1956 1333 2012 fic
1348 1956 1613 2021 loquentem
1627 1958 1737 2008 facit
1756 1956 2018 2020 Polynicen,

363 2021 489 2081 cujus
500 2033 653 2083 aperte
665 2017 827 2077 justam
845 2018 942 2066 vult
962 2018 1088 2066 fuisse
1104 2019 1283 2068 causam
1305 2035 1317 2067 :

635 2091 718 2128 Hac
726 2085 818 2141 sum
830 2088 1020 2146 profatus,
1041 2100 1181 2137 mater,
1208 2086 1320 2129 haud
1335 2085 1567 2146 ambagibus

639 2148 843 2205 lmphata,
853 2147 924 2204 sed
939 2165 1014 2208 que
1027 2150 1163 2208 regulis
1180 2151 1273 2208 aeqm'
1295 2147 1346 2202 ό*
1361 2149 1452 2192 boni

640 2209 808 2265 Suffulta
824 2211 855 2240 *
869 2210 1031 2253 rudibus
1037 2215 1187 2269 pariter
1199 2210 1249 2264 εἷ
1262 2211 1377 2253 ιίοὲἶές
1387 2223 1538 2270 patent.

360 2270 619 2332 Statimque
635 2267 766 2315 addit
782 2268 909 2316 chori
938 2271 954 2329 (
972 2269 1142 2316 constat
1158 2270 1193 2316 is
1208 2284 1360 2316 autem
1378 2286 1436 2318 ex
1449 2269 1631 2318 feminis
1651 2270 1789 2334 iisque
1801 2272 2032 2338 barbaris)

358 2334 579 2395 judicium
601 2370 611 2388 ‚
629 2330 748 2378 dista
765 2331 1076 2395 approbantis.
1110 2332 1221 2381 Vsus
1239 2331 1333 2379 sum
1350 2334 1489 2380 etiam
1509 2332 1567 2381 ad
1581 2336 1697 2395 juris
1716 2336 1846 2394 hujus
1863 2338 2034 2402 proba-⁷

357 2398 533 2444 tionem
552 2400 575 2427 *
596 2394 861 2442 testimoniis
877 2396 1273 2460 philosophorum,
1297 2394 1634 2447 historicorum*
1656 2401 1919 2457 poetarum,
1973 2417 2030 2448 o-

357 2459 527 2507 stremo
544 2461 593 2505 &
612 2473 877 2505 oratorum:
895 2475 986 2506 non
1008 2459 1133 2522 quod
1155 2457 1489 2506 illisindiscrete
1506 2458 1789 2507 credendum
1805 2462 1873 2522 s1t;
1885 2463 1934 2512 so
1954 2478 2031 2512 ent

361 2524 482 2569 enim
500 2521 618 2568 sestae
634 2560 645 2578 ,
662 2537 935 2585 argumento
955 2561 966 2578 ,
985 2522 1120 2570 causae
1132 2521 1325 2569 servire:
1355 2520 1430 2568 sed
1454 2522 1582 2583 quod
1599 2520 1674 2568 ubi
1693 2523 1824 2571 multi
1843 2526 2031 2575 diversis

366 2584 652 2649 temporibus
669 2601 722 2631 ac
735 2584 848 2631 locis
864 2583 986 2632 idem
1003 2601 1089 2648 pro
1104 2599 1234 2631 certo
1246 2583 1489 2633 affirmant,
1510 2583 1556 2631 id
1573 2584 1630 2631 ad
1647 2585 1826 2634 causam
1844 2591 2030 2637 univer-

365 2648 500 2696 salem
520 2645 676 2694 referri
696 2648 878 2697 debeat:
889 2665 983 2711 quae
1001 2649 1046 2694 in
1058 2649 1215 2694 nostris
1230 2646 1542 2709 quaestionibus
1558 2648 1643 2694 alia
1655 2647 1740 2694 effe
1752 2666 1841 2697 non
1861 2652 2027 2715 potest,

363 2728 502 2774 quam
521 2726 599 2757 aut
616 2709 735 2757 redia
751 2710 893 2757 illatio
908 2727 966 2757 ex
977 2726 1140 2758 natura·
1155 2711 1384 2772 principiis
1403 2709 1653 2771 procedens
1675 2748 1685 2766 ‚
1723 2727 1800 2760 aut
1811 2729 2027 2764 commu-

365 2776 432 2821 nis
449 2774 606 2835 aliquis
624 2772 874 2820 consensus.
907 2773 988 2820 Illa
1004 2775 1072 2834 jus
1091 2789 1256 2819 naturae
1274 2772 1456 2828 indicat,
1477 2772 1547 2818 hic
1559 2775 1630 2832 jus
1647 2776 1847 2836 gentium
1865 2794 1876 2826 :
1909 2794 2024 2839 quo-

366 2852 469 2883 rum
499 2834 737 2883 discrimen
755 2852 844 2882 non
862 2835 1045 2899 quidem
1073 2852 1129 2882 ex
1145 2836 1243 2898 ipsis
1269 2835 1534 2881 testimoniis
1570 2836 1758 2898 (paffim
1773 2840 1897 2887 enim
1915 2841 2027 2889 scri-

363 2915 521 2963 ptores
540 2914 674 2946 voces
703 2901 810 2959 juris
839 2915 1004 2947 naturae
1019 2901 1079 2945 δε
1107 2900 1311 2963 gentium
1329 2896 1597 2960 permiscent
1616 2902 1632 2958 )
1660 2897 1736 2945 sed
1753 2917 1810 2948 ex
1827 2905 2027 2952 materiae

361 2961 582 3024 qualitate
597 2961 939 3022 intelligendum
955 2961 1032 3008 est.
1069 2961 1207 3022 Qod
1230 2962 1347 3006 enim
1363 2977 1419 3005 ex
1434 2962 1568 3007 certis
1580 2962 1802 3023 principiis
1813 2980 1940 3013 certa
1956 2981 2024 3014 ar-

360 3026 706 3090 gumentatione
723 3025 888 3072 deduci
906 3042 994 3072 non
1013 3026 1160 3087 potest
1180 3063 1191 3080 ,
1219 3025 1266 3068 &
1280 3039 1430 3069 tamen
1457 3023 1621 3085 ubique
1638 3023 1923 3076 observatum
1942 3045 2024 3090 ap-

362 3104 505 3151 paret.
525 3088 722 3150 sequitur
740 3103 788 3135 ut
802 3106 858 3135 ex
875 3089 1107 3136 voluntate
1125 3087 1266 3134 libera
1285 3101 1440 3131 ortum
1459 3085 1635 3132 habeat.
1655 3086 1809 3149 Itaque
1821 3090 1913 3137 haec
1925 3091 2023 3138 duo

362 3167 453 3199 non
472 3153 616 3200 minus
631 3152 745 3198 inter
762 3152 805 3198 se
822 3168 958 3214 quam
973 3156 997 3198 a
1013 3153 1112 3212 jure
1129 3151 1250 3196 civili
1280 3147 1530 3195 discernere
1560 3147 1730 3214 semper
1748 3153 1875 3200 unice
1890 3152 2023 3200 labo-

360 3217 455 3261 ravi
477 3230 488 3261 :
508 3217 605 3261 imo
619 3215 728 3260 &in
743 3216 945 3279 gentium
962 3216 1059 3274 jure
1073 3212 1262 3259 discrevi
1281 3212 1327 3257 id
1347 3212 1473 3273 quod
1493 3228 1598 3259 vere
1615 3213 1663 3258 δε
1678 3228 1735 3260 ex
1752 3216 1878 3261 omni
1893 3230 2025 3278 parte

349 3279 426 3336 jus
441 3277 518 3333 est,
531 3276 640 3322 &id
652 3277 781 3339 quod
796 3276 1016 3324 duntaxat
1028 3273 1236 3323 effcstum
1254 3274 1477 3336 quendam
1494 3290 1728 3323 externum
1745 3276 1803 3323 ad
1818 3277 1951 3325 instar
1967 3279 2022 3326 il-

357 3340 441 3385 lius
460 3340 680 3400 primitivi
700 3341 806 3399 juris
821 3341 938 3404 parit
955 3378 967 3396 ‚
998 3355 1158 3402 nempe
1178 3354 1233 3385 nc
1251 3339 1293 3384 vi
1316 3337 1511 3384 resistere
1528 3338 1659 3386 liceat
1676 3378 1688 3395 ,
1722 3353 1796 3386 aut
1811 3340 1949 3388 etiam
1967 3355 2021 3388 ut

359 3399 525 3466 ubique
544 3402 583 3452 vi
598 3403 797 3467 publica,
811 3403 1016 3453 utilitatis
1034 3403 1218 3462 alicujus
1235 3400 1375 3455 causa,
1396 3401 1469 3449 vel
1485 3417 1533 3452 ut
1549 3402 1848 3471 incommoda
1865 3404 2021 3464 gravia

1801 3479 2018 3524 vitentur,
