2380 3917
316 333 393 364 200
736 316 1600 360 Dsslva-:nsstzt

85 397 156 444 ιβ
168 397 234 445 quis
247 408 303 428 nec
388 382 439 431 X
451 382 484 430 1.
506 383 583 431 De
596 381 841 436 alluvione,
857 379 948 426 hoc
964 378 1026 427 est
1041 378 1102 427 de
1119 380 1375 440 adjectione
1390 384 1730 447 particularum,
1748 400 1844 447 quae
1859 385 1886 432 a
1901 385 2002 432 nul-

87 445 212 489 σαφῆ
228 443 302 488 1)st
325 446 373 491 lo
389 445 607 492 vindicari
626 444 818 508 poffunt,
839 443 942 505 quia
955 441 1075 488 unde
1091 443 1277 491 veniant
1290 446 1481 494 nescitur
1514 449 1531 507 (
1548 446 1719 510 alioqui
1735 451 1855 494 enim
1873 464 2004 495 natu-

84 502 208 578 ἵῖζζξ
216 498 308 570 52),
328 509 480 554 raliter
497 508 754 554 dominium
771 520 862 551 non
881 503 1123 554 mutabunt
1137 509 1342 566 >certum
1355 507 1513 559 haberi
1537 508 1675 561 debet
1691 510 1806 556 hanc
1821 526 2003 572 quoque

89 583 144 617 ιω
160 574 206 616 ι’).
220 582 259 615 A·
331 570 415 617 ess‘e
433 572 600 634 populi,
621 569 652 616 fi
668 569 817 614 modo
833 568 1028 630 populus
1042 566 1208 614 flumen
1225 567 1438 618 dominio
1470 573 1761 635 occupaverit
1778 608 1791 629 ‚
1814 572 1941 634 quod
1956 574 2002 620 in

87 641 158 674 ⁶⁶2-
172 642 234 665 m.
330 632 473 680 dubio
486 631 764 679 credendum
780 630 842 676 est
854 649 870 687 3
884 628 1056 696 alioqui
1070 635 1354 693 occupantis.

90 678 219 756 2⁹23„
232 731 268 763 ς,
395 696 444 742 Χ
461 694 479 740 1
497 696 530 740 Ι.
565 693 657 740 Sed
674 693 866 755 populus
879 706 927 736 ut
943 691 1038 745 aliis
1051 729 1063 748 ,
1096 693 1160 738 ita
1176 695 1225 739 δί
1251 695 1461 756 proxima
1526 695 1655 742 raedia
1671 695 1997 760 poffidentibus

87 777 235 813 pruma
248 783 295 804 ω.
327 760 397 819 jus
414 757 525 806 illud
541 755 793 804 concedere
810 753 972 818 potest,
986 756 1036 800 &
1050 754 1307 803 conceffilse
1320 756 1440 807 haud
1459 812 1462 814 ,
1505 757 1605 805 ubie
1627 759 1808 806 videtur
1829 794 1841 810 ,
1861 760 1891 805 fi
1905 756 1993 820 agri

90 817 163 869 ΑΨ
176 822 232 851 ‘2‘-
255 864 260 870 ,
331 822 394 868 illi
410 836 501 866 non
514 821 649 866 alium
667 818 801 863 finem
817 833 870 863 ea
885 831 942 862 ex
955 831 1081 880 parte
1093 833 1230 878 quam
1244 820 1506 875 naturalem,
1526 820 1575 868 id
1590 820 1668 877 est,
1679 822 1846 869 flumen
1859 820 1998 883 ipsum

93 863 134 942 ’ῥ’
145 877 184 943 {Z
193 876 272 956 ’ΞΤ
334 884 545 931 habeant.
636 896 742 927 uare
759 896 850 926 non
867 879 1203 927 contemnenda
1215 880 1276 927 est
1292 880 1377 928 hac
1389 883 1433 928 in
1445 897 1574 944 parte
1589 882 1908 930 Romanorum
1927 881 1999 928 di-

90 967 198 991 mum
211 959 295 989 dm.
337 947 533 1010 ligeum,
552 946 628 1005 qui
644 945 887 990 limitatum
907 956 1067 1005 agrum
1082 941 1140 988 ab
1156 942 1250 988 aliis
1264 945 1384 1007 agris
1399 944 1691 992 distinxerunt
1707 984 1720 1002 ‚
1738 945 1999 992 dummodo

94 1004 137 1035 ¹--
154 1011 204 1037 Μ
220 1004 246 1047 fi
259 1017 309 1036 ἠ·
334 1010 671 1056 meminerimus
691 1045 703 1063 ,
744 1020 904 1070 agrum
922 1004 1128 1051 mensura
1143 1005 1523 1070 comprehensum
1546 1045 1558 1064 ,
1575 1008 1720 1054 bacin
1740 1023 1788 1054 re
1807 1008 2002 1070 parisju·

91 1048 296 1139 ffissssffj,
337 1088 397 1118 ris
412 1071 497 1118 elle
514 1086 621 1117 cum
639 1070 856 1116 limitato.
889 1067 1016 1116 Nam
1031 1083 1126 1129 quae
1143 1067 1202 1114 de
1217 1069 1415 1132 imperiis
1447 1068 1575 1134 supra
1588 1069 1786 1117 diximus
1814 1086 1917 1116 cum
1942 1068 2002 1114 de

94 1154 129 1175 ι.
141 1146 194 1192 est
208 1150 277 1190 quis
333 1150 495 1181 eorum
516 1134 818 1194 occupatione
836 1143 1073 1193 ageremus
1089 1168 1101 1188 ,
1120 1130 1282 1181 eadem
1301 1134 1406 1180 &in
1421 1135 1541 1203 agris
1554 1132 1743 1196 privatis
1763 1131 1968 1180 obtinent
1987 1145 2002 1180 t

96 1189 136 1221 ι’
151 1193 255 1245 ''ms‘'
269 1197 303 1226 ‘v’
337 1197 411 1243 sed
427 1198 516 1243 hoc
534 1195 743 1243 adhibito
761 1193 1018 1239 discrimine
1036 1231 1048 1250 ‚
1084 1193 1210 1257 quod
1242 1196 1433 1257 imperia
1460 1211 1504 1241 in
1533 1211 1584 1242 re
1623 1193 1761 1242 dubia
1778 1193 2006 1250 credenda

91 1241 174 1328 fus
187 1242 307 1319 “5222'‘
328 1259 426 1307 sunt
443 1259 528 1305 effe
546 1257 754 1312 areifinia,
774 1257 877 1318 quia
893 1254 939 1302 id
955 1256 1174 1303 territorii
1188 1273 1350 1305 naturae
1363 1259 1564 1307 maxime
1578 1258 1809 1308 convenit.
1841 1272 1888 1304 at
1907 1255 2007 1319 agri

96 1331 210 1368 suem.
329 1323 494 1387 privati
513 1324 659 1387 magis
676 1319 738 1366 est
749 1334 798 1365 ut
814 1318 997 1366 arcifinii
1014 1335 1106 1365 non
1124 1321 1378 1377 credantur,
1399 1320 1477 1369 sed
1489 1336 1564 1367 aut
1577 1322 1774 1370 limitati,
1791 1334 1867 1367 aut
1882 1332 2007 1367 certa

332 1384 538 1431 mensura
555 1384 782 1430 terminati
801 1422 812 1440 ‚
848 1383 952 1441 quia
988 1382 1077 1428 hoc
1109 1386 1385 1446 privatarum
1413 1382 1731 1447 poffeffionum
1764 1397 1926 1430 naturae
1943 1381 2008 1430 est

331 1449 671 1510 congruentius.
695 1444 862 1509 Neque
879 1458 1033 1492 tamen
1051 1461 1265 1511 negamus
1280 1447 1378 1493 fieri
1394 1444 1598 1508 poffe,ut
1616 1446 1811 1511 populus
1843 1460 2010 1509 agrum

332 1509 523 1563 assignet
554 1526 613 1556 eo
647 1511 747 1570 jure
781 1524 874 1572 quo
908 1506 1001 1570 ipse
1032 1523 1334 1574 occupaverat
1348 1547 1360 1564 ,
1395 1508 1443 1554 id
1460 1508 1522 1557 est
1556 1508 1616 1556 ad
1649 1508 1818 1557 flumen
1851 1507 2008 1571 usque,

337 1575 385 1619 &
416 1560 446 1621 ii
472 1573 520 1619 id
541 1588 750 1636 appareat
770 1610 781 1629 ,
800 1576 870 1632 jus
882 1569 967 1617 effe
985 1571 1252 1621 alluvionis:
1319 1569 1416 1619 uod
1442 1573 1486 1619 in
1517 1571 1769 1620 Hollandia
1802 1585 1908 1619 ante
1934 1570 2010 1618 sae-

100 1657 139 1692 L.
152 1658 193 1689 tu
205 1656 240 1689 ,32
253 1666 309 1689 „us
334 1636 433 1683 cula
449 1636 620 1698 aliquot
636 1635 886 1696 judicatum
903 1633 964 1680 est
980 1632 1038 1680 dc
1052 1638 1172 1700 agris
1182 1634 1239 1682 ad
1256 1589 1440 1684 §osam
1456 1636 1505 1680 δε
1519 1635 1680 1691 lsalam
1698 1635 1790 1682 fitis
1808 1653 1823 1692 3
1840 1634 2011 1697 quia&

96 1704 291 1738 msa-,em
336 1699 531 1745 inliteris
547 1700 925 1761 mancipationum
943 1735 953 1752 ,
989 1699 1037 1744 &
1055 1697 1245 1745 inlibris
1263 1695 1538 1746 censualibus
1566 1695 1741 1762 semper
1758 1695 1865 1744 dien
1878 1709 2010 1744 erant

96 1749 317 1830 {Yffssmssmli'
340 1762 397 1808 ad
415 1762 578 1808 flumen
592 1764 866 1826 pertingere.
903 1760 962 1807 Et
989 1760 1100 1818 tales
1129 1762 1226 1827 agri
1258 1761 1288 1808 li
1306 1760 1560 1809 vendantur
1578 1798 1591 1816 ,
1619 1761 1827 1825 quamvis
1845 1760 1890 1807 in
1907 1760 2010 1824 lege

102 1823 256 1882 vvff,
303 1822 313 1833 ”
337 1826 552 1872 emtionis
580 1824 778 1870 mensura
806 1822 954 1885 aliqua
969 1826 1200 1873 nominata
1230 1822 1395 1883 fuerit,
1430 1823 1541 1872 dum
1567 1828 1722 1871 tamen
1738 1823 2008 1879 vendantur,

337 1903 430 1933 non
448 1888 502 1934 ad
523 1885 791 1942 mensuram,
809 1885 883 1932 sed
898 1885 977 1932 suo
995 1889 1202 1950 corporis
1219 1889 1404 1935 nomine
1419 1902 1635 1935 >naturam
1653 1885 1776 1938 suam
1796 1886 1926 1946 &jus
1943 1885 2012 1932 al·-.

336 1951 530 1997 luvionis
545 1952 737 1997 retinent
758 1984 769 1998 .
786 1949 916 2011 quod
932 1946 1154 1998 Romanis
1184 1965 1366 2013 quoque
1382 1950 1560 2016 legibus
1575 1949 1815 2015 proditum
1833 1948 1895 1998 est
1911 1986 1924 2005 ‚
1960 1948 2011 1995 δε

336 2013 495 2076 passim
512 2012 756 2074 usurpatur.

400 2075 448 2129 X
467 2075 486 2120 I
509 2075 525 2121 1
545 2076 575 2122 1.
616 2073 760 2138 Qod
778 2074 837 2120 de
850 2073 1077 2131 alluvione
1092 2072 1305 2132 diximus,
1318 2075 1369 2121 id
1386 2075 1435 2121 &-
1447 2074 1507 2123 de
1521 2072 1674 2126 reliCka
1692 2074 1787 2137 ripa
1804 2073 1853 2119 δε
1875 2071 2012 2119 sicca,

337 2151 386 2185 ta
401 2153 524 2200 parte
542 2139 652 2185 alvei
670 2135 938 2184 censendum
955 2138 1031 2194 est,
1050 2138 1160 2184 utin
1180 2154 1272 2183 non
1303 2139 1535 2202 occupatis
1553 2137 1635 2189 sint
1654 2152 1708 2183 ea
1722 2137 2010 2198 occupantis:

339 2202 384 2249 in
402 2200 650 2251 fluminibus
667 2201 910 2263 occupatis,
929 2199 1110 2264 populi:
1128 2202 1414 2261 privatorum
1433 2213 1588 2246 autem
1621 2215 1689 2246 ira
1704 2198 1893 2247 demum
1908 2235 1919 2254 ‚
1942 2198 1971 2245 fi
1983 2202 2012 2245 a

337 2263 523 2326 populo,
543 2280 618 2310 aut
635 2264 707 2322 jus
721 2263 873 2326 populi
892 2263 1103 2319 habente,
1124 2278 1286 2327 agrum
1304 2262 1363 2309 ad
1380 2262 1545 2310 flumen
1560 2277 1875 2309 excurrentem
1891 2298 1904 2314 ‚
1920 2277 2012 2318 qua

337 2325 473 2372 talem
494 2327 756 2396 acceperint.

400 2389 450 2435 X
469 2388 486 2433 Ι
503 2388 556 2434 V.
591 2388 683 2435 bed
699 2403 805 2434 cum
825 2386 946 2436 aliud
965 2386 1050 2435 effe
1066 2388 1135 2446 jus
1166 2384 1417 2439 dixerimus
1442 2385 1604 2445 insulae,
1628 2386 1749 2435 aliud
1768 2403 1882 2445 vero
1898 2387 2012 2434 allu-

335 2452 483 2500 vionis
501 2489 513 2504 ,
531 2450 740 2514 frequens
757 2452 858 2497 hinc
874 2450 1185 2497 controversia
1199 2452 1348 2496 oritur
1362 2488 1374 2506 ‚
1391 2464 1498 2497 utro
1533 2453 1720 2499 nomine
1741 2449 2011 2498 censendum

337 2513 405 2569 sit,
424 2513 679 2576 quod‚cum
698 2513 895 2559 emineat
911 2512 1114 2560 nonnihil
1131 2528 1271 2568 ·,·cum
1290 2515 1516 2575 proximis
1530 2514 1704 2579 praediis
1721 2515 1782 2561 ita
1797 2513 2008 2568 cohaeret,

338 2592 385 2622 ut
403 2591 554 2622 tamen
573 2574 807 2634 interjesta
825 2574 1034 2639 planities
1051 2576 1178 2637 aquis
1193 2574 1539 2637 superfiindatur
1556 2594 1567 2625 :
1585 2576 1711 2640 quod
1724 2575 1880 2638 paffim
1891 2574 2009 2639 apud

341 2654 424 2683 nos
457 2638 520 2693 ob
552 2640 762 2685 locorum
779 2638 1124 2700 inaequalitatem
1162 2636 1367 2685 videmus
1401 2638 1622 2686 accidere.
1657 2640 1819 2687 Mores
1839 2639 1909 2685 hic
1928 2654 2010 2685 va-

337 2702 464 2747 riant.
502 2702 549 2747 In
567 2701 721 2748 Geli-ia
735 2699 910 2764 praediis
925 2698 1275 2751 acceditaddita
1293 2715 1407 2747 occu
1443 2703 1593 2749 atione
1606 2703 1653 2749 id
1671 2701 1794 2765 quod
1814 2700 2011 2764 plaustro

336 2777 527 2808 onerato
545 2765 658 2810 adiri
687 2762 834 2825 potest
855 2761 931 2808 :ln
949 2778 1064 2827 agro
1096 2761 1294 2810 Putteno
1325 2762 1349 2788 ’⁸‘
1383 2764 1396 2808 i
1449 2780 1541 2827 quo
1557 2766 1695 2827 pedes
1711 2763 1910 2830 gladium
1927 2779 2012 2811 ex-

339 2823 502 2870 sertum
525 2840 677 2872 tenens
694 2824 844 2888 potest
856 2826 1126 2889 pertingere.
1144 2826 1356 2872 Maxime
1370 2827 1571 2874 naturale
1587 2828 1647 2875 est
1669 2865 1680 2883 ‚
1698 2842 1750 2874 ut
1765 2826 2011 2873 discretum

343 2887 550 2935 videatur
566 2888 611 2933 id
631 2905 718 2950 qua
735 2889 900 2946 majori
917 2888 1142 2950 temporis
1159 2894 1287 2952 parte
1303 2890 1488 2953 navigio
1504 2891 1674 2937 transiri
1689 2890 1820 2936 solet.

402 2949 451 2995 X
464 2948 523 2995 V.
558 2948 663 2996 Nec
683 2952 828 2996 minus
859 2952 968 2996 trita
1000 2949 1079 2996 usu
1112 2949 1292 3013 quaestio
1326 2950 1387 2997 est
1423 2953 1538 2999 inter
1561 2955 1806 3017 principem
1823 2954 1899 3015 qui
1913 2952 2015 3011 jure

342 3012 498 3074 populi
518 3013 657 3058 utitur
677 3050 689 3068 ,
715 3014 762 3058 δε
780 3014 878 3071 ejus
891 3011 1084 3059 vasallos
1099 3015 1178 3075 qui
1210 3015 1451 3074 imperium
1469 3014 1644 3062 summo
1663 3017 1809 3062 minus
1824 3028 2015 3075 accepe-

346 3085 458 3120 runt.
478 3074 524 3120 In
538 3076 599 3119 im
636 3077 712 3120 etii
734 3074 828 3121 sola
843 3074 1132 3122 concessione
1148 3075 1341 3122 fluvialia
1367 3076 1642 3132 incrementa
1653 3093 1747 3124 non
1759 3077 1893 3124 ineffe
1910 3075 2012 3122 satis

343 3151 549 3196 apertum
568 3139 608 3181 el
633 3173 645 3184 .
672 3136 763 3183 Sed
777 3137 1030 3184 notandum
1064 3137 1127 3183 est
1140 3173 1151 3187 ‚
1184 3136 1349 3183 horum
1366 3138 1636 3193 vasallorum
1651 3140 1891 3187 nonnullos
1904 3152 2013 3186 cum

344 3198 424 3244 illo
462 3199 650 3246 definito
685 3202 879 3262 imperio
907 3238 919 3255 ,
958 3199 1087 3246 simul
1123 3201 1343 3262 accepisse
1378 3218 1402 3248 a
1439 3218 1599 3250 rorum
1638 3203 1977 3250 univerfitatem
1997 3237 2011 3256 ,

342 3261 370 3307 s
366 3262 470 3306 alvo·
482 3277 539 3306 eo
555 3262 678 3323 quod
699 3263 884 3322 privatis
902 3263 1125 3324 competit
1144 3276 1277 3323 ‚puta
1293 3279 1385 3325 quo
1438 3280 1545 3330 ager
1561 3267 1598 3312 is
1614 3265 1730 3312 olim
1760 3262 1915 3327 populi
1933 3276 2014 3308 aut

348 3321 561 3385 Principis
579 3322 715 3371 fuerit
734 3362 746 3374 ,
781 3339 856 3371 aut
886 3328 914 3369 a
948 3323 1153 3386 Principe
1183 3324 1382 3374 ficcatus.
1418 3326 1476 3374 Et
1493 3329 1584 3374 hoc
1602 3327 1702 3376 casu
1715 3325 1903 3373 dubium
1917 3339 2013 3371 non

1933 3387 2011 3436 est.
