2527 3938
448 321 1436 414 LVDOVICO
1548 331 1897 418 XIII

509 493 1191 549 CHRISTIANISS.
1267 497 1828 556 FRANCORVM

691 626 794 673 ET
857 627 1642 678 NAVARRAEREGL

558 746 616 799 H
684 746 729 798 V
795 748 848 801 G
911 747 966 800 O
1069 748 1121 800 G
1175 748 1227 801 R
1282 750 1337 802 O
1404 750 1454 803 T
1515 754 1538 804 1
1599 753 1644 804 V
1703 755 1755 805 S.

757 909 814 917 -
853 908 915 958 ³3⁴
949 869 1161 934 VDET
1203 868 1301 932 hic
1333 866 1480 932 liber
1512 918 1529 946 ‚
1570 876 1808 960 Regum
1827 893 1890 933 e-

950 1234 1219 1320 gumenti
1250 1230 1487 1308 fiducia,
1525 1255 1635 1322 pro
1667 1233 1887 1298 Iustitia

840 1325 902 1370 ’ΛΞ-ἱ
951 1324 1172 1410 quippe
1204 1321 1443 1412 scriptus
1480 1354 1496 1397 ς
1535 1347 1661 1413 quae
1699 1329 1884 1389 virtus

436 1416 588 1480 adeo
614 1434 713 1478 tua
732 1413 813 1476 est
839 1461 856 1488 ,
890 1433 955 1476 ut
993 1413 1131 1476 inde
1166 1418 1277 1476 tuis
1308 1418 1533 1478 meritis
1554 1423 1611 1478 &
1635 1414 1885 1480 humani

435 1510 666 1596 generis
685 1503 958 1592 suffragio
979 1502 1378 1591 digpiffimum
1401 1523 1572 1568 tanto
1593 1510 1763 1594 Rege
1781 1528 1887 1569 co-

431 1599 1237 1688 gnomentumacceperi3‚ut
1256 1601 1376 1682 jam
1396 1595 1616 1682 ubique
1632 1595 1766 1659 lusti
1786 1616 1886 1684 ap·

436 1688 752 1776 pellatione
771 1710 894 1750 non
912 1691 1105 1750 minus
1124 1709 1305 1775 quam
1326 1688 1380 1750 L
1402 1712 1432 1746 v
1453 1707 1496 1749 D
1521 1709 1558 1747 o
1578 1707 1639 1750 v1
1660 1704 1698 1748 c
1716 1709 1734 1746 1
1774 1708 1884 1748 no·-

420 1777 619 1842 ’scaris.
658 1775 913 1866 Speciofi
937 1781 1224 1842 Romanis
1246 1774 1491 1841 ducibus
1523 1774 1883 1838 videbantur

437 1891 506 1933 ex
527 1874 732 1943 Creta,
757 1867 1070 1945 Numidia,
1093 1866 1315 1943 Africa,
1335 1864 1471 1931 Asia
1493 1912 1511 1941 ‚
1531 1864 1764 1955 aliisque
1781 1864 1883 1929 de-

437 1962 601 2025 viffls
622 1957 898 2049 gentibus
938 1959 1110 2021 tituli.
1151 1965 1232 2022 At
1275 1975 1508 2046 quanto
1547 1976 1722 2020 tuum
1757 1954 1884 2018 illu-

438 2048 596 2114 strius
617 2097 633 2126 ‚
658 2074 781 2141 quo
804 2045 1140 2138 significaris
1162 2048 1370 2111 nullius
1411 2045 1653 2135 populi,
1675 2044 1880 2110 nullius

437 2138 691 2206 hominis
714 2189 727 2215 ,
750 2139 845 2204 sed
868 2139 1177 2229 ejusquod
1195 2136 1477 2226 injustum
1513 2134 1599 2200 est
1619 2144 1678 2199 &
1699 2134 1884 2199 hostis

438 2231 675 2323 ubique,
697 2239 756 2295 &
779 2235 973 2295 vidior
994 2228 1224 2319 semper
1243 2244 1261 2292 ἓ
1280 2234 1573 2318 Magnum
1595 2244 1883 2316 putarunt

438 2327 696 2413 AEgyptii
718 2330 919 2411 reges,
943 2319 980 2384 si
1001 2326 1178 2409 patris
1198 2320 1297 2384 hic
1326 2369 1342 2395 ,
1368 2322 1573 2383 matris
1610 2318 1704 2380 ille
1722 2366 1739 2395 ,
1760 2315 1881 2381 fra-

438 2431 591 2477 trum
609 2438 811 2478 amans
832 2411 972 2476 alius
991 2412 1348 2476 dicerentur.
1374 2416 1457 2474 At
1477 2407 1776 2499 quantulae
1792 2404 1885 2470 hae

438 2525 626 2590 partes
644 2502 770 2568 sunt
788 2509 874 2568 tui
893 2502 1337 2590 nomini5,quod
1356 2525 1479 2565 non
1498 2499 1601 2563 ista
1620 2517 1881 2571 tantum,

435 2593 530 2659 sed
548 2595 829 2686 quicquid
844 2593 1163 2684 pulchrum
1194 2602 1253 2656 &
1290 2591 1604 2656 honestum
1642 2590 1885 2675 excogi-

438 2689 548 2750 tari
565 2686 755 2776 potest
776 2734 792 2762 ,
815 2684 1046 2752 ambitu
1084 2685 1181 2749 suo
1217 2684 1642 2772 compleffitur
1662 2677 1883 2742 ?1ustus

435 2799 658 2854 eS,cum
679 2781 885 2869 Magni
902 2776 1069 2867 supra
1088 2799 1271 2841 omne
1287 2776 1346 2840 id
1369 2773 1536 2864 quod
1556 2771 1667 2835 dici
1690 2767 1886 2858 potest

436 2872 619 2960 Regis
651 2874 834 2936 Patris
869 2873 955 2934 tui
988 2871 1343 2934 memoriam
1399 2865 1658 2929 honoras
1697 2858 1885 2949 ipsum

1188 2967 1209 2988 *
1261 2980 1291 3019 2
1640 2956 1879 3015 imitan-

458 908 518 934 >l‚-⁵
579 934 583 936 .

482 954 499 981 ‘
541 1017 577 1038 Ξ
951 958 1366 1022 minentiffime
1391 1007 1405 1035 ,
1443 980 1612 1025 tuum
1645 963 1748 1027 fibi
1785 984 1888 1023 au«

454 1046 516 1157 (¹
830 1118 839 1121 Ξ
953 1046 1193 1136 gustum
1247 1072 1473 1114 nomen
1534 1052 1845 1117 inscribere
1866 1093 1885 1128 ,

455 1158 570 1269 fg
648 1167 696 1222 vg
736 1206 746 1220 ⁴
819 1151 848 1156 ’ἢ
951 1163 1073 1203 non
1091 1138 1187 1215 sui,
1211 1163 1333 1204 non
1351 1146 1626 1206 Αηὲὶοτῐε
1648 1191 1663 1219 ,
1681 1142 1775 1208 sed
1795 1166 1888 1207 ar·-

458 1272 506 1352 ’ς
