2475 3854
491 286 604 324 Ac
679 281 1287 327 PACIS,L18.
1358 285 1486 322 111.
1800 290 1877 332 457

186 356 247 401 hil
259 352 575 412 horumprohibet
591 354 793 404 Dominus,
807 352 960 407 sednon
973 365 1179 412 utrumque
1197 354 1351 411 expedit.
1386 349 1600 412 leianus
1621 348 1679 396 de
1694 348 1852 398 vendi-
1867 371 2059 409 L‚1,5,1,·m

189 429 295 462 tore
323 414 395 459 cui
411 411 511 474 post
536 408 664 457 diem
691 409 982 473 praestitutum
999 413 1152 459 vinum
1167 413 1275 459 licet
1288 412 1517 460 effimdere
1536 428 1547 460 z
1577 420 1615 458 Si
1625 428 1751 459 tamen
1768 431 1852 457 cum
1870 421 1915 451 D.
1936 419 1975 450 de
1984 427 2080 464 pene.

179 483 289 540 poffit
299 478 501 536 effundere,
515 494 588 521 non
604 475 766 534 effundit
783 508 794 524 ‚
820 477 1239 537 laudandzosestpotius.
1272 475 1299 503 *
1335 475 1456 522 Alias
1472 489 1587 522 vero
1623 473 1759 520 licere
1769 473 1853 521 ali·
1871 466 1910 498 ’δ’
1923 476 2001 544 ⁶27⁶·
2018 469 2063 499 ἐἰ

188 538 299 601 quid
317 537 486 583 dicitur
504 574 516 592 ,
534 552 626 582 non
644 534 772 597 quod
787 533 906 585 salva
915 537 1093 601 pietate
1110 539 1159 584 δε
1174 535 1434 585 officiorum
1452 536 1622 601 regulis
1656 537 1749 582 fieri
1766 551 1853 599 po·
1870 523 1933 545 ω’
1958 538 1967 547 ”

186 600 271 646 test
290 637 302 655 ,
314 597 391 644 sed
406 597 534 661 quod
546 597 669 661 apud
685 598 894 648 homines
906 615 1043 664 poenae
1059 615 1150 646 non
1169 600 1378 661 subjacet.
1414 599 1490 647 Sic
1523 598 1640 662 apud
1657 600 1853 661 populos
1870 624 1945 659 Lzb.
1959 633 1997 661 n
2007 634 2039 662 ι,

187 661 361 709 multos
378 659 565 707 scortari
582 662 686 707 licet
701 677 711 708 t
726 662 843 725 apud
862 661 1238 710 Lacedaemonios
1252 666 1300 711 δε
1316 662 1561 727 AEgyptios
1577 664 1715 709 etiam
1733 661 1854 708 fura·
1863 684 1892 705 e.
1915 673 1951 709 8.

189 726 229 771 ri
243 722 423 770 licebat.
438 722 575 786 Apud
590 725 923 785 Qntilianum
940 724 1001 771 est
1025 741 1037 773 ἰ
1057 735 1152 772 Sunt
1163 732 1337 787 quaedam
1354 747 1425 773 non
1444 726 1662 771 laudabilia
1679 742 1836 773 natura,

176 791 250 849 fid
260 791 348 846 jure
359 790 525 847 conceffiz,
543 800 588 830 ut
603 794 644 833 in
655 801 747 833 XII
768 791 908 835 tabulis
925 825 937 844 ‚
955 792 1130 834 debitoris
1150 804 1274 848 corpm
1299 797 1398 835 inter
1427 791 1629 833 creditores
1659 790 1791 833 dividi
1807 789 1854 830 li-

187 855 280 896 cuit.
313 845 388 895 Est
405 862 559 895 autem
576 848 668 894 haec
686 852 813 898 vocis
827 850 964 897 licere
979 849 1246 911 significatio
1271 853 1415 897 minus
1432 850 1615 913 propria
1635 888 1646 904 ‚
1664 864 1716 895 ut
1733 847 1853 894 reSoe

186 925 317 961 notat
334 910 507 958 Cicero
524 909 877 959 Tusculanarum
901 913 1056 975 quinta
1074 911 1133 958 de
1159 909 1305 959 Cinna
1334 911 1546 975 loquens:
1582 916 1692 958 Mihi
1723 926 1854 957 contra

185 977 384 1035 nonsolum
396 993 436 1022 eo
453 977 613 1019 videtur
624 976 748 1033 miser,
766 978 869 1038 quod
883 993 924 1020 ea
933 980 1044 1038 fecit,
1054 978 1129 1032 sed
1140 982 1256 1020 etiam
1266 980 1366 1036 quod
1380 982 1439 1020 ita
1448 979 1480 1034 s
1474 996 1491 1020 e
1507 976 1605 1036 geffit
1620 991 1665 1019 nt
1685 978 1853 1036 eaface-

186 1056 228 1084 re
245 1043 279 1083 ei
294 1040 421 1083 liceret
437 1058 449 1081 .·
469 1036 535 1096 etfi
541 1050 696 1096 peccare
709 1044 855 1084 nemini
870 1040 966 1086 licet,
985 1039 1248 1096 sedsermonis
1261 1057 1383 1084 errore
1407 1040 1574 1083 labimur
1590 1059 1601 1080 .·
1632 1039 1675 1080 id
1690 1043 1789 1081 enim
1805 1037 1852 1080 lia

189 1117 268 1146 cere
281 1100 453 1147 dicimus,
466 1100 568 1159 quod
586 1104 719 1159 cuique
734 1102 974 1146 conceditur:
1005 1097 1211 1160 Recepta
1228 1114 1379 1145 tamen
1398 1136 1409 1154 ‚
1435 1112 1483 1144 ut
1501 1096 1746 1144 cumidem
1768 1094 1852 1142 Ci-

187 1177 298 1209 cero
314 1176 400 1225 pro
420 1158 610 1206 Rabirio
628 1159 880 1208 Posthurno
911 1159 1086 1221 judices
1111 1161 1171 1208 fic
1202 1161 1475 1224 alloquitur:
1510 1164 1620 1224 (ΞΛΜ
1633 1164 1758 1206 deceat
1770 1179 1851 1209 vos,

189 1245 262 1272 non
275 1240 469 1287 quantum
487 1226 598 1269 liceat
617 1226 736 1275 vebia,
746 1229 917 1286 spec'iare
935 1227 1080 1270 debetis
1092 1247 1103 1269 :
1114 1225 1152 1284 si
1165 1231 1265 1269 enim
1277 1227 1379 1286 quod
1388 1227 1496 1269 liceat
1515 1228 1686 1283 quarite,
1708 1228 1853 1283 potes‘i‘is

188 1291 318 1334 tollere
350 1292 368 1331 ‘e
396 1290 557 1332 civitate
576 1292 688 1346 quem
707 1291 841 1333 vultis.
877 1285 952 1333 Sic
970 1285 1152 1350 regibus
1176 1284 1387 1333 dicuntur
1415 1287 1570 1330 omnia
1597 1283 1732 1330 licere
1750 1285 1855 1345 quia

189 1347 289 1396 sunt
303 1348 547 1399 ἀνυπόθννοι,
563 1357 705 1394 exemti
718 1352 744 1394 ὰ
754 1356 872 1412 poenis
885 1352 1067 1395 humams
1079 1387 1090 1405 ‚
1125 1362 1176 1394 ut
1192 1347 1297 1395 alibi
1313 1347 1530 1395 diximus.
1547 1346 1609 1393 At
1628 1362 1785 1410 regem
1801 1346 1858 1392 si-

188 1427 250 1461 ve
264 1410 600 1473 Imperatorem
615 1408 868 1458 informans
885 1409 1165 1458 Claudianus
1181 1413 1300 1458 reste
1315 1411 1377 1457 ait
1396 1425 1410 1458 t

469 1481 550 1517 Nec
566 1475 640 1518 tibi
651 1478 960 1537 quidliceat,sed
973 1478 1069 1537 quid
1081 1477 1203 1536 fecisse
1215 1478 1359 1522 decebit

468 1544 670 1581 Occurrat.

189 1598 251 1646 Et
282 1594 522 1644 Musonius
550 1596 736 1664 castigat
753 1615 883 1664 reges
911 1599 967 1656 μὲ
983 1599 1175 1656 -ηἲιφῆἦκᾴ
1199 1617 1265 1656 μςι
1281 1600 1389 1651 >lew
1406 1596 1654 1655 μεμεληκόὲκ
1673 1628 1685 1648 ,
1710 1595 1861 1638 duzan?
1882 1618 2072 1652 numm

188 1662 286 1712 '9¹22ss
296 1677 374 1715 μάθ’·
388 1666 455 1721 qui
468 1666 510 1706 in
524 1678 623 1706 more
638 1666 782 1709 habent
800 1666 916 1708 dicere
932 1668 1001 1711 hoc
1015 1669 1113 1709 mihi
1128 1667 1212 1709 licet
1230 1701 1240 1715 ,
1270 1684 1340 1710 non
1356 1666 1426 1709 hoc
1448 1682 1508 1708 me
1542 1667 1660 1707 decet.
1695 1659 1857 1721 quue
1882 1668 1922 1699 &⁹
1939 1677 1971 1701 v·

188 1722 313 1770 sensu
322 1721 433 1786 saepe
450 1723 623 1785 opponi
639 1723 851 1772 videmus
867 1726 1132 1788 quodlicet,
1146 1728 1195 1773 ὃς
1212 1724 1338 1788 quod
1356 1739 1545 1787 oportet
1563 1762 1573 1779 ‚
1595 1727 1622 1753 *
1657 1737 1707 1769 ut
1734 1726 1761 1769 a
1778 1722 1860 1770 Se-

190 1801 304 1833 neca
320 1800 447 1849 patre
464 1787 506 1831 in
522 1786 841 1836 controversiis
859 1804 951 1835 non
969 1789 1117 1837 semel.
1141 1790 1405 1836 Ammianus
1422 1785 1716 1835 Marcellinus
1733 1801 1745 1832 z
1761 1796 1856 1832 Szmt
1878 1785 2089 1821 aim-lxxx«

191 1852 326 1911 aliqua
339 1850 514 1912 quaefieri
526 1867 599 1895 non
613 1866 748 1913 oportet
767 1887 778 1902 ‚
793 1858 911 1898 etiam
926 1854 960 1915 fi
966 1857 1063 1899 licet,
1098 1852 1265 1900 Plinius
1281 1855 1327 1900 in
1345 1850 1571 1915 epistolis:
1612 1861 1766 1910 Oportet
1781 1868 1857 1911 qua
1876 1868 1959 1902 Ptin.
1972 1866 1992 1902 e.
2010 1876 2045 1899 v.

183 1914 281 1972 sunt
296 1914 486 1969 inhonesta
502 1929 576 1958 non
589 1915 703 1975 quasi
716 1918 856 1961 illicita
862 1918 935 1974 fi’d
962 1916 1074 1978 quast
1082 1921 1263 1978 pudenda
1286 1922 1428 1961 vitare.
1457 1910 1627 1960 Cicero
1647 1911 1736 1975 ipse
1754 1926 1861 1957 ora-

191 1974 323 2021 tione
339 1988 423 2035 pro
434 1973 583 2020 Balbo
600 1988 612 2020 τ
639 1980 703 2034 Est
722 1984 824 2022 enim
839 1980 992 2040 aliquid
1004 1982 1103 2039 quod
1131 1999 1204 2026 non
1223 1992 1409 2035 oporteat,
1429 1976 1580 2035 etiamst
1603 1979 1697 2020 licet.
1733 1972 1861 2020 Idem

189 2050 282 2098 pro
300 2035 482 2081 Milone
498 2033 565 2081 fas
581 2036 666 2083 effe
681 2037 739 2083 ad
751 2052 962 2087 naturam
983 2079 995 2097 ,
1010 2040 1148 2086 licere
1165 2041 1223 2087 ad
1241 2036 1366 2104 leges
1390 2037 1548 2085 refert.
1583 2037 1640 2083 Et
1658 2038 1701 2081 in
1714 2036 1863 2083 decla-

192 2098 398 2168 matione
424 2096 570 2145 Patris
605 2100 944 2164 Qntilianiest
961 2139 974 2159 ,
1001 2102 1121 2149 aliud
1136 2103 1220 2151 effe
1235 2105 1336 2164 jura
1365 2101 1558 2163 spestare
1577 2137 1588 2156 ,
1607 2099 1727 2146 aliud
1742 2098 1865 2160 justi-
1881 2106 2071 2148 nealcen.

192 2174 322 2208 tiam.

259 2220 346 2270 III
395 2220 504 2269 Hoc
523 2235 639 2286 ergo
655 2224 802 2271 modo
820 2225 980 2275 laedere
994 2227 1109 2275 hosti
1128 2228 1303 2275 hostem
1321 2227 1442 2281 licet,
1465 2227 1513 2272 &
1528 2225 1571 2269 in
1583 2222 1770 2285 persona
1790 2261 1800 2279 ‚
1815 2223 1865 2268 δε

194 2287 242 2333 in
257 2285 392 2331 rebus
412 2301 422 2332 :
451 2284 501 2333 id
517 2283 686 2332 estnon
706 2288 747 2332 ei
762 2301 940 2337 tantum
960 2291 1037 2352 qui
1052 2306 1110 2336 ex
1122 2291 1233 2350 justa
1252 2288 1378 2337 causa
1411 2287 1578 2333 bellum
1597 2288 1715 2347 gerit
1728 2323 1738 2339 ‚
1762 2287 1865 2345 qui·-

194 2363 284 2410 que
301 2348 420 2394 laedit
435 2348 551 2393 intra
566 2362 670 2394 eum
684 2348 878 2398 modum
906 2368 1042 2414 quem
1061 2354 1320 2399 naturaliter
1352 2347 1603 2395 concessum
1633 2348 1763 2393 initio
1781 2348 1865 2391 hu-

196 2413 270 2472 jus
282 2410 387 2457 libri
405 2408 605 2456 diximus
625 2448 636 2465 ,
655 2409 731 2456 sed
747 2427 804 2458 ex
817 2428 1006 2475 utraque
1029 2428 1156 2473 parte
1170 2417 1219 2460 δε
1231 2409 1474 2460 indistinete
1495 2426 1505 2456 :
1536 2410 1600 2455 ita
1616 2422 1663 2454 ut
1679 2425 1779 2454 eam
1797 2408 1862 2454 ob

196 2471 374 2519 causam
393 2488 474 2520 nec
486 2473 630 2533 puniri
654 2472 792 2535 poffit
824 2477 869 2521 in
887 2476 977 2522 alio
1011 2474 1133 2521 forte
1161 2476 1399 2523 territorio
1431 2470 1731 2532 deprehensus
1763 2486 1864 2516 tan-

199 2552 333 2599 quam
355 2533 587 2582 homicida
610 2573 621 2592 ‚
641 2550 718 2581 aut
733 2534 807 2582 fur
824 2557 838 2592 ;
858 2553 939 2584 nec
955 2538 1126 2584 bellum
1143 2538 1221 2594 ipfi
1248 2536 1304 2584 ab
1320 2537 1410 2582 alio
1427 2535 1529 2580 talis
1546 2531 1648 2579 fasti
1678 2534 1865 2579 nomine

198 2597 372 2648 inferri.
407 2598 517 2646 Hoc
535 2595 655 2645 sensu
673 2597 792 2661 apud
809 2598 1063 2647 Sallustium
1076 2595 1267 2664 legimus
1289 2616 1300 2647 :
1336 2606 1398 2644 cui
1421 2603 1546 2644 omnia
1559 2603 1601 2643 in
1618 2599 1865 2655 viftorialege

201 2666 287 2708 belli
301 2666 505 2707 licuerunt.

263 2723 284 2769 I
303 2722 357 2771 V.
396 2721 545 2770 Causa
555 2739 634 2769 cur
649 2721 697 2768 id
714 2721 923 2784 gentibus
940 2724 1155 2788 placuerit
1179 2723 1270 2769 haec
1299 2721 1418 2778 fuit3
1449 2720 1576 2783 quod
1613 2721 1727 2767 inter
1746 2717 1865 2764 duos

198 2785 398 2851 populos
419 2787 478 2832 de
491 2788 591 2847 jure
609 2785 713 2832 belli
727 2789 1017 2848 pronuntiare
1058 2787 1173 2833 velle
1189 2783 1486 2847 periculosum
1504 2782 1645 2829 fuerat
1666 2782 1761 2829 aliis
1778 2797 1865 2844 po-

199 2850 332 2912 pulis,
347 2851 423 2910 qui
434 2864 487 2895 ea
504 2849 681 2895 ratione
696 2848 820 2894 bello
833 2848 981 2897 alieno
998 2849 1333 2912 implicarentur
1359 2886 1369 2902 ,
1387 2846 1494 2893 ficut
1510 2844 1804 2892 Massilienses
1821 2845 1866 2889 in

199 2908 330 2958 causa
343 2911 528 2959 Caesaris
543 2914 592 2958 &
605 2911 814 2974 Pompeji
830 2910 1043 2960 dicebant
1063 2951 1074 2968 ‚
1099 2927 1244 2974 neque
1262 2909 1325 2956 sui
1338 2910 1494 2969 judicii
1520 2923 1664 2971 neque
1690 2907 1866 2953 suarum

204 2974 294 3020 effe
312 2975 477 3020 virium
492 2973 741 3020 discernere
759 2989 860 3020 utra
877 2991 978 3036 pars
994 2974 1226 3036 justiorem
1254 2971 1444 3018 habetet
1456 2970 1628 3018 causam
1649 2987 1660 3017 :
1697 2967 1865 3015 deinde

202 3035 331 3100 quod
348 3037 485 3082 etiam
502 3038 548 3083 in
563 3036 684 3083 bello
698 3037 813 3096 justo
829 3038 905 3084 vix
922 3037 1025 3085 satis
1040 3035 1253 3102 cognosci
1270 3035 1414 3098 potest
1430 3050 1488 3081 ex
1516 3033 1693 3080 indiciis
1710 3046 1862 3077 exter-

205 3102 290 3154 nis,
309 3099 408 3160 quis
419 3098 550 3157 justus
567 3100 619 3145 lit
631 3098 672 3145 se
688 3100 859 3154 tuendi,
877 3101 950 3148 sua
966 3098 1258 3160 recuperandi
1274 3113 1349 3144 aut
1363 3114 1517 3161 poenas
1531 3094 1742 3158 exigendi
1758 3110 1864 3139 mo-

208 3161 309 3216 dus,
326 3163 445 3207 itaut
455 3162 642 3208 omnino
655 3160 902 3222 praestiterit
928 3164 1018 3210 haec
1032 3162 1239 3226 religioni
1257 3160 1521 3207 bellantium
1553 3155 1778 3221 exigenda
1795 3173 1868 3202 re-

206 3225 407 3286 linquere
424 3238 558 3284 quam
572 3222 629 3270 ad
645 3223 784 3270 aliena
802 3224 985 3271 arbitria
999 3240 1178 3271 vocare.
1208 3223 1357 3269 Achaei
1373 3225 1416 3268 in
1434 3225 1642 3269 oratione
1654 3218 1711 3266 ad
1730 3218 1871 3266 Sena-

212 3301 310 3335 tum
323 3285 443 3348 apud
459 3285 666 3336 Livium:
705 3295 884 3348 Qonam
900 3291 1010 3334 modo
1024 3305 1067 3334 ea
1080 3306 1155 3350 quae
1163 3290 1354 3395 juraeer}lli
1369 3291 1457 3331 ac‘i‘a
1467 3288 1561 3344 fiant
1577 3322 1590 3342 ,
1623 3291 1663 3329 in
1689 3285 1871 3343 discepta-

1351 3358 1376 3407 ς’
1738 3361 1876 3391 nonem

1888 3273 1980 3307 Libro

1889 3328 1982 3357 xxxx
1989 3328 2028 3358 x·
