2380 3917
354 339 424 371 202
771 331 1628 373 DEIVREBELLI

356 400 549 459 speciem
568 400 760 445 materia
778 397 936 460 poffet,
954 400 1153 446 materiae
1171 399 1387 447 dominus
1403 417 1502 449 rem
1519 403 1711 451 haberet
1727 419 1740 453 ε
1756 403 1788 451 si'
1804 421 1893 453 non
1907 408 2015 471 poil-

358 462 425 508 set
447 502 456 519 ‚
477 479 573 509 tum
591 464 628 509 is
646 460 834 507 haberet
859 463 932 522 qui
953 460 1113 524 speciei
1130 461 1236 509 esset
1251 463 1426 510 austor.
1462 465 1606 528 Qod
1625 464 1768 537 ipsum
1786 467 2019 531 improbat

124 529 182 564 m
194 534 250 568 ιι.
267 525 334 562 ⁶·6·
359 525 606 572 Commu>
626 563 636 579 ‚
659 525 707 569 δε
725 524 814 568 hoc
832 539 968 568 unum
990 524 1135 570 videri
1153 524 1252 571 vult
1270 562 1281 579 ‚
1308 525 1462 588 plusne
1477 527 1529 574 sit
1540 529 1672 590 pretii
1689 530 1733 574 iu
1750 543 1891 592 opere
1904 549 1959 579 an
1972 535 2018 580 in

357 590 544 636 materia
563 626 575 641 ‚
609 602 656 632 ut
674 585 800 647 quod
818 585 952 648 pluris
968 585 1028 633 est
1059 583 1104 631 id
1131 587 1413 647 praevalentia
1430 588 1505 635 sua
1519 590 1647 653 quod
1664 591 1809 638 minus
1822 592 1884 639 est
1897 595 1956 641 ad
1974 595 2019 643 se

354 654 502 699 trahat
524 690 532 701 ,
553 663 820 712 argumento
838 664 999 694 eorum
1019 665 1112 711 quae
1132 665 1158 694 a
1175 649 1397 696 Romanis
1413 667 1596 714 quoquc
1614 651 1937 705 Iuristoiisultis
1954 657 2017 704 de

355 713 603 761 accessione
622 711 788 758 tradita
805 709 900 756 suut
911 744 922 758 .
954 711 1013 756 At
1033 710 1061 756 fi
1073 712 1328 758 naturalem
1343 715 1582 761 veritatem
1599 714 1858 777 respicimus
1873 756 1884 773 ‚
1907 718 2016 766 ficut

354 776 549 823 confusis
571 775 774 820 materiis
788 774 1160 820 communionem
1178 774 1329 821 induci
1357 791 1442 838 pro
1462 791 1558 824 rata
1571 777 1668 837 ejus
1685 779 1810 840 quod
1829 780 2015 844 quisque

355 840 516 885 habeat
538 877 547 893 ‚
568 837 788 883 Romanis
810 852 993 899 quoque
1009 835 1328 884 Iurisconsultis
1344 838 1510 902 placuit
1521 874 1533 889 ‚
1563 841 1667 900 quia
1679 855 1750 887 res
1767 840 1903 890 alium
1918 845 2017 890 exi.

353 916 449 948 tum
475 900 735 948 naturaliter
758 901 956 961 reperire
973 914 1064 944 non
1079 913 1263 961 poterat
1282 919 1297 957 ;
1329 902 1393 948 ita
1404 917 1508 948 cum
1525 917 1596 948 res
1611 902 1809 950 constent
1825 907 2015 954 materia

355 968 403 1011 Sc
423 964 562 1027 specie
581 978 794 1023 tanquam
816 961 896 1008 suis
915 961 1118 1024 partibus
1137 1000 1147 1017 ,
1174 962 1202 1008 fi
1219 962 1401 1011 alterius
1418 965 1468 1012 sit
1484 966 1701 1020 materia,
1713 965 1898 1014 alterius
1913 966 2016 1032 spe·

355 1031 446 1076 cies
464 1063 472 1076 ,
507 1026 700 1087 sequitur
717 1025 983 1071 naturaliter
1007 1041 1101 1070 rem
1116 1041 1406 1074 communem
1424 1028 1518 1074 fieri
1539 1042 1624 1087 pro
1636 1041 1731 1074 rata
1747 1029 1842 1086 ejus
1856 1032 2013 1090 quanti

121 1091 159 1122 L·
176 1088 330 1155 p’ffifflu·
355 1088 707 1151 unumquodque
719 1088 799 1135 est.
836 1085 1019 1150 Species
1043 1090 1162 1134 enim
1182 1104 1283 1150 pars
1300 1090 1360 1136 cst
1379 1090 1644 1145 substantiae,
1665 1104 1753 1136 non
1773 1091 2011 1139 substantia

118 1134 329 1216 EJJJssZf‘b‘s
352 1169 447 1203 tota
469 1169 479 1198 ε
502 1151 633 1215 quod
652 1151 866 1214 leianus
883 1150 1013 1207 vidit,
1030 1165 1134 1197 cuin
1151 1149 1266 1198 dixit
1278 1168 1453 1202 mutata
1469 1153 1625 1201 forma
1635 1166 1782 1216 prope
1796 1152 2012 1201 interem-

121 1232 139 1262 t
151 1257 156 1260 .
168 1232 217 1262 De
229 1243 261 1261 ω
270 1243 327 1262 ex-
352 1232 445 1263 tam
465 1214 762 1261 substantiam.

118 1276 258 1309 h¹⁶f⁰d⁰·
272 1276 332 1321 ¹¹=fi
420 1277 469 1325 X
485 1276 549 1323 X.
585 1277 647 1324 Vt
665 1292 815 1323 autem
833 1278 911 1339 qui
925 1277 1042 1323 mala
1057 1277 1145 1324 fide
1160 1279 1394 1326 materiam
1409 1278 1599 1326 alienam
1617 1276 1852 1327 attrestant
1869 1313 1880 1329 ‚
1909 1276 2011 1342 spe-

272 1337 290 1357 “⁸
352 1345 470 1389 ciem
490 1340 693 1403 perdant,
713 1339 774 1386 est
788 1339 976 1402 quidem
995 1357 1086 1387 non
1102 1342 1250 1403 inique
1266 1341 1572 1392 constitutum,
1588 1340 1666 1388 sed
1679 1341 1920 1405 poenale,at
1953 1357 2012 1388 ue

353 1405 461 1451 ideo
481 1419 570 1449 non
583 1403 805 1449 naturale.
840 1401 1021 1449 Natura
1037 1405 1157 1450 enim
1171 1419 1323 1466 poenas
1341 1420 1430 1452 non
1442 1403 1732 1461 determinat,
1751 1418 1834 1450 nec
1847 1402 1910 1451 ob
1961 1419 2012 1450 e-

352 1467 506 1514 licium
521 1482 600 1529 per
613 1465 655 1512 se
673 1465 876 1512 dominia
892 1464 1040 1513 aufert
1055 1505 1066 1524 ,
1087 1482 1340 1531 quanquam
1354 1467 1615 1516 naturaliter
1631 1482 1762 1531 poena
1775 1465 1925 1529 aliqua
1937 1466 2012 1514 di-

349 1532 425 1596 gni
441 1529 538 1575 sunt
555 1529 630 1590 qui
647 1528 929 1590 delinquunt.

419 1591 469 1638 X
482 1591 578 1638 XI.
613 1591 677 1639 Vt
695 1607 808 1638 vero
827 1594 891 1638 rei
908 1592 1072 1651 majori
1087 1593 1342 1655 acquiratur
1359 1608 1428 1641 res
1446 1596 1614 1651 minor,
1631 1608 1724 1657 quo
1739 1590 2010 1639 fundamen·

350 1670 401 1702 to
423 1654 670 1703 Connanus
688 1656 842 1702 nititur
859 1693 870 1711 2
902 1655 1101 1702 naturale
1131 1655 1192 1703 est
1219 1655 1323 1704 fac‘ti
1341 1694 1353 1713 ,
1386 1673 1476 1704 non
1489 1657 1614 1719 juris.
1649 1670 1787 1718 atque
1803 1653 1914 1701 ideo
1931 1654 2008 1718 qui

350 1716 479 1764 fundi
497 1733 580 1781 pro
615 1718 824 1764 vicesima
848 1732 975 1782 parte
994 1718 1054 1764 est
1079 1719 1293 1766 dominus
1310 1757 1321 1775 ,
1358 1735 1453 1767 tam
1472 1733 1622 1767 manet
1641 1717 1854 1765 dominus
1869 1733 2009 1780 quam

350 1779 425 1839 qui
445 1793 590 1838 partes
624 1779 759 1826 habet
777 1781 1113 1828 novemdecim.
1151 1784 1306 1845 Qare
1322 1783 1448 1845 quod
1466 1781 1524 1828 de
1552 1780 1799 1828 accessione
1816 1780 1879 1827 ob
1896 1796 2009 1843 prae-

350 1840 590 1886 valentiam
611 1878 620 1893 ,
654 1856 731 1885 aut
753 1844 888 1889 certis
908 1846 949 1889 in
968 1843 1137 1891 casibus
1161 1845 1234 1891 lex
1249 1843 1460 1893 Romana
1476 1844 1706 1893 constituit
1722 1879 1732 1893 ,
1756 1857 1832 1890 aut
1846 1845 1891 1890 in
1908 1841 2007 1890 aliis

349 1904 488 1948 etiam
506 1902 709 1948 constitui
733 1901 895 1964 potest,
915 1902 963 1948 id
977 1909 1175 1953 naturale
1191 1923 1282 1954 non
1294 1908 1370 1965 est,
1390 1908 1465 1955 sed
1483 1904 1696 1963 civile,ad
1713 1905 2009 1952 commodius

350 1964 631 2029 transigenda
648 1967 831 2029 negotia
850 1985 866 2022 3
887 1980 1045 2013 natura
1058 1982 1208 2014 tamen
1225 1985 1315 2016 ωοω
1335 1983 1609 2034 repugnante
1622 2007 1632 2024 ,
1654 1968 1760 2030 quia
1775 1968 1849 2016 lex
1867 1965 2007 2015 dandi

114 2040 323 2078 Lidemm.
351 2028 545 2076 dominii
561 2030 628 2088 jus
644 2027 790 2076 habet.
829 2027 923 2075 Vix
942 2045 1093 2075 autem
1112 2031 1199 2077 ulla
1216 2030 1277 2076 est
1307 2032 1514 2079 tractatio
1532 2031 1637 2091 jutis
1658 2033 1702 2077 in
1719 2047 1805 2094 qua
1823 2045 1898 2078 tot
1916 2027 2008 2076 diss·

114 2092 164 2153 f)-
195 2090 233 2122 d*
258 2092 303 2122 Μ’
351 2104 581 2154 crepantes
614 2089 694 2136 sint
724 2090 1141 2139 Iurisconsultorum
1171 2093 1393 2141 sententiae
1411 2133 1422 2150 ‚
1455 2096 1504 2141 δε
1535 2109 1727 2140 errores.
1759 2093 1889 2141 Nam
1907 2092 2006 2155 quis

113 2137 278 2223 {f'kd'rm
293 2187 326 2217 ς,
351 2153 570 2200 concedat
601 2152 630 2198 si
670 2170 724 2201 aes
742 2156 790 2200 &
805 2170 963 2201 aurum
982 2157 1178 2203 mixtum
1209 2154 1345 2202 fuerit
1363 2191 1373 2206 ,
1407 2156 1599 2203 alterum
1619 2155 1671 2203 ab
1689 2156 1830 2203 altero
1849 2154 2006 2202 diduci

111 2230 330 2264 aemam.
353 2233 441 2262 non
455 2216 593 2278 posse,
611 2217 736 2277 quod
754 2216 919 2280 scripsit
939 2215 1151 2281 leianus
1171 2254 1180 2268 .
1211 2234 1289 2264 aut
1307 2217 1678 2266 ferruminatione
1693 2217 2005 2265 confusionem

113 2275 182 2318 ’Μῖ-
199 2277 237 2309 ‘²²
254 2290 314 2309 m·
352 2279 590 2340 ficri‚quod
610 2278 787 2336 Paulus;
803 2293 877 2325 aut
897 2279 1032 2326 aliam
1049 2281 1133 2329 effe
1150 2281 1375 2345 seriptum:
1390 2321 1402 2339 ‚
1418 2283 1553 2331 aliam
1569 2282 1742 2346 pisturae
1760 2282 2005 2338 rationem,

112 2325 329 2416 ζ”ξβζῗῗ
352 2357 398 2388 ut
418 2342 514 2387 huit·
532 2341 680 2388 tabula
701 2342 849 2398 cedat,
868 2342 944 2389 illa
963 2341 1135 2391 tabulae.

412 2403 518 2450 XX
534 2406 551 2451 1
567 2406 602 2451 1.
641 2405 843 2452 Plantata
859 2408 905 2451 &
921 2405 1088 2453 consita
1108 2421 1155 2454 ut
1174 2406 1271 2454 solo
1286 2406 1466 2462 cedant,
1486 2406 1689 2454 similiter
1701 2403 1764 2451 cst
1775 2405 1884 2465 juris
1894 2418 2006 2450 cor-

346 2466 484 2513 ffituti
505 2506 515 2521 ‚
535 2470 661 2525 cujus
685 2471 803 2515 ratio
819 2468 879 2515 cst
896 2468 1021 2531 quod
1035 2468 1113 2516 ista
1129 2469 1230 2516 solo
1244 2469 1431 2517 alantur.
1471 2468 1600 2515 Nam
1616 2465 1724 2512 ideo
1742 2469 1791 2513 δε
1805 2465 1861 2513 de
1871 2465 2006 2514 arbo·

348 2545 395 2575 re
407 2530 702 2594 distinguitur,
723 2548 777 2577 an
796 2532 967 2578 radices
984 2534 1147 2594 egerit.
1167 2532 1303 2592 Atqui
1318 2530 1581 2577 alimentum
1602 2529 1666 2575 rei
1680 2529 1773 2588 jam
1791 2543 1891 2576 ante
1904 2529 2004 2574 exi·

344 2594 493 2640 flentis
505 2609 680 2654 partem
699 2594 918 2641 duntaxat
933 2593 1200 2657 facitzatque
1213 2594 1320 2639 ideo
1338 2593 1447 2639 ficut
1463 2608 1521 2639 ex
1537 2591 1751 2639 alimento
1766 2593 1837 2653 jus
1853 2589 2005 2654 quod-

347 2655 512 2701 damin
543 2671 638 2701 rem
665 2656 746 2703 soli
764 2656 957 2703 domino
973 2656 1163 2704 nascitur
1182 2677 1199 2714 3
1229 2656 1295 2701 ita
1309 2656 1504 2702 domino
1523 2653 1700 2701 seminis
1718 2693 1730 2711 ‚
1749 2654 1903 2716 plantae
1924 2666 2004 2701 aut

344 2718 519 2763 arboris
538 2721 606 2776 jus
623 2717 648 2764 s
641 2736 746 2765 uum
765 2719 1026 2766 naturaliter
1035 2734 1159 2766 certe
1169 2718 1233 2765 ob
1244 2717 1293 2763 id
1310 2734 1401 2764 non
1418 2717 1708 2779 perit.Qare
1724 2718 1772 2763 δε
1783 2718 1855 2763 hic
1869 2732 2005 2762 com-

347 2783 501 2825 munio
521 2782 673 2827 locum
694 2781 878 2829 habebit
902 2798 913 2828 ;
932 2799 1012 2829 nec
1032 2782 1177 2828 minus
1194 2782 1238 2827 in
1254 2780 1443 2826 aedificio
1460 2817 1472 2831 ,
1503 2780 1629 2838 cujus
1646 2793 1794 2842 partes
1813 2781 1908 2827 sunt
1927 2778 2003 2825 so-

349 2841 440 2888 lum
460 2844 506 2887 &
524 2842 771 2906 superficies
788 2861 800 2894 :
826 2860 930 2890 nam
946 2844 975 2890 fi
995 2842 1168 2889 mobile
1184 2842 1236 2890 fit
1253 2880 1266 2899 ,
1295 2842 1464 2889 nullum
1497 2843 1543 2888 in
1557 2857 1616 2888 eo
1631 2843 1700 2903 jus
1715 2841 1902 2890 habebit
1920 2840 2002 2888 soli

111 2918 259 2952 [fmus.
276 2921 324 2954 D.
347 2904 575 2959 dominus,
593 2907 717 2966 quod
735 2906 1004 2954 &Scaevolae
1049 2905 1200 2951 lacuit.

111 2965 149 2997 ψ’
163 2979 328 3010 “am-rer·
408 2965 456 3011 X
469 2967 517 3013 X
533 2970 549 3013 l
564 2969 581 3014 1
599 2971 630 3015 Ι.
668 2971 803 3016 Bonae
816 2968 920 3014 fidei
933 2984 991 3032 po
1027 2967 1142 3013 effor
1160 3005 1172 3024 ,
1200 2981 1249 3014 ut
1261 2966 1430 3016 frustus
1444 2982 1601 3015 omnes
1612 2983 1669 3015 ex
1686 2982 1735 3014 re
1750 2965 1851 3014 suos
1865 2963 2002 3013 faciat

111 3012 196 3044 “w'‘
346 3045 459 3090 quos
479 3035 678 3093 percepit
697 3071 706 3085 ,
743 3030 941 3078 naturale
958 3029 1119 3078 itidem
1149 3046 1240 3076 non
1260 3029 1320 3078 est
1336 3069 1347 3085 ,
1381 3031 1456 3078 sed
1472 3032 1560 3077 hoc
1577 3044 1751 3076 tantum
1768 3043 1818 3076 ut
1834 3030 1903 3088 jus
1919 3029 2001 3073 ha-

113 3107 140 3138 t
169 3105 232 3138 sed
248 3109 321 3152 (γῇ
343 3091 446 3137 beat
469 3131 477 3143 ,
513 3094 741 3156 impendia
758 3096 802 3139 in
819 3109 915 3139 rem
932 3092 1050 3140 fasta
1073 3093 1122 3140 &
1137 3107 1328 3154 operam
1345 3095 1501 3140 utilem
1518 3092 1769 3156 imputandi
1787 3130 1799 3146 ,
1836 3105 1887 3136 ac
1911 3102 2000 3153 pro

113 3158 148 3230 λ·
166 3154 320 3229 symm·
346 3155 393 3199 ἧς
409 3154 660 3203 deducendi
674 3156 843 3202 fructus
856 3169 1128 3218 percept053
1146 3154 1171 3182 *
1187 3156 1286 3202 imo
1301 3157 1350 3202 &
1366 3156 1584 3205 exstantes
1597 3194 1609 3213 ,
1623 3154 1654 3201 fi
1667 3154 1794 3203 aliter
1812 3168 1905 3198 non
1921 3150 1999 3198 fiat

113 3211 310 3276 b‘egejopm'·
345 3217 382 3260 ci
403 3217 637 3274 restitutio,
657 3217 894 3264 retinendi.

199 3330 202 3337 ,
408 3278 454 3323 Χ
467 3279 514 3324 Χ
534 3280 623 3328 IV.
659 3282 809 3341 Atque
819 3279 943 3325 idem
962 3277 1204 3324 dicendum
1221 3277 1402 3328 videtur
1412 3279 1472 3327 de
1487 3280 1612 3328 malae
1624 3278 1727 3326 fidei
1745 3275 1996 3341 possessore,

114 3328 258 3409 ξρζζῗ
276 3336 321 3417 [1-
345 3339 419 3387 ubi
432 3342 502 3387 lex
519 3343 704 3401 poenalis
722 3358 811 3392 non
836 3340 1085 3391 intercedit.
1122 3348 1322 3404 Benignius
1349 3348 1418 3406 ss,
1442 3343 1506 3392 ait
1531 3341 1697 3392 Paulus
1711 3337 2001 3387 Iurisconsul-

1905 3416 1995 3457 ωε,
