2475 3854
592 293 702 332 ac
778 290 1618 338 racis.1.113.111.
1860 295 1937 342 605

327 359 371 410 V
389 360 411 409 1
428 359 465 408 1.
501 357 747 406 Promisfio
764 358 934 421 captivi
951 356 1011 405 de
1026 357 1265 404 redeundo
1278 359 1323 405 in
1333 373 1563 405 carcerem
1580 359 1749 408 merito
1762 363 1938 412 tolera-

265 437 353 472 tur,
388 422 689 486 Nequeenim
701 422 982 469 deteriorem
999 421 1154 468 reddit
1165 436 1217 467 ca
1253 422 1336 469 tivi
1349 421 1663 469 conditionem
1679 442 1690 473 2
1706 441 1798 473 non
1815 443 1865 474 er
1899 443 1930 474 o

265 502 315 534 ut
329 486 512 549 quidam
525 485 777 533 existimant
793 481 991 549 gloriose
1003 497 1182 530 tantum
1198 436 1310 532 fgcit
1325 484 1395 530 M.
1412 484 1596 532 Attilius
1611 484 1811 550 Regulus
1824 528 1836 547 ‚
1874 489 1934 536 ed

264 551 314 595 &
334 547 462 611 quod
480 547 679 595 debebat
697 564 708 596 Ζ
726 552 902 608 Regulus,
915 547 1057 609 inquit
1073 545 1245 593 Cicero
1273 587 1285 603 ‚
1301 567 1376 596 non
1392 550 1525 593 debuit
1556 553 1780 600 conditiones
1790 560 1932 614 paHio-
1946 545 2011 593 Off·
2027 554 2087 585 ¹11
2098 569 2112 583 ·

265 615 401 673 nesque
418 612 566 657 bellicas
580 614 630 667 εἷ
639 614 778 671 hostiles
789 612 1019 672 perturbare
1027 615 1212 671 perjurio.
1229 609 1337 658 Nec
1355 608 1502 658 obstat
1514 608 1653 662 illud:

538 679 669 737 Atqui
672 675 822 734 sciebat
833 672 993 736 quaefibi
1006 674 1197 719 barbmm
1943 687 2061 723 Horat.

540 741 680 782 Tortor
686 750 858 796 pararet.

264 797 393 848 Nam
411 797 459 844 &
476 796 567 843 hoc
580 796 678 844 fieri
696 794 821 859 posse
834 798 927 857 jam
945 794 1100 842 scierat
1117 832 1130 851 ‚
1148 811 1251 843 cum
1267 800 1576 864 promitteret.
1608 799 1684 849 Sic
1715 802 1765 850 δε
1781 801 1840 849 de
1853 801 1936 848 de-

263 877 365 911 cem
384 859 589 923 captivis,
608 873 658 906 ut
669 858 859 922 quidem
875 875 935 906 ex
950 858 1140 921 antiquis
1156 857 1451 926 scriptoribus
1467 880 1564 913 rem
1581 880 1731 913 narrat
1744 867 1932 921 Gellius,
1950 869 2020 904 fib.
2038 877 2122 917 vir,

263 927 767 986 ofiopostliminiumyustum
776 942 851 970 non
881 925 948 987 effe
956 923 1033 982 fibi
1060 924 1353 982 responderunt,
1372 935 1553 989 quoniam
1575 928 1602 956 *
1635 932 1782 989 dejurio
1797 935 1934 988 ‚vincti
1949 928 1976 951 ⁶·
1995 914 2053 953 ’δ’

278 1003 400 1034 orent·

252 994 286 1050 f
298 1049 339 1099 V
358 1050 377 1097 l
397 1048 416 1095 I
437 1047 473 1095 l.
507 1047 667 1096 Solent
685 1047 1015 1112 &promittere
1032 1048 1218 1110 quidam
1236 1063 1293 1094 ne
1308 1049 1353 1095 in
1369 1063 1544 1100 certum
1557 1054 1711 1102 locum
1728 1054 1934 1114 redeant,

264 1129 320 1160 ne
338 1111 548 1159 adversus
562 1127 683 1167 eum,
706 1114 781 1173 qui
794 1111 913 1160 ipsos
928 1112 971 1157 in
985 1109 1213 1174 potest-ate
1237 1111 1375 1158 habet
1392 1151 1404 1169 ‚
1429 1116 1637 1164 militent.
1665 1115 1839 1165 Prioris
1855 1134 1935 1165 ex-

261 1176 465 1239 emplum
485 1173 602 1238 apud
623 1161 967 1237 Thucydidem,
983 1173 1056 1219 ubi
1072 1172 1130 1219 fic
1148 1171 1426 1223 lthomenses
1437 1183 1709 1239 promittunt
1730 1179 1936 1229 Lacedaet

261 1241 432 1286 moniis
445 1276 456 1294 ‚
475 1240 678 1284 exituros
707 1234 749 1283 se
777 1234 1106 1302 Peloponneso,
1125 1250 1205 1281 nec
1219 1253 1415 1301 unquam
1433 1243 1680 1291 redituros.
1712 1243 1935 1292 Posterius
1949 1254 2019 1292 ab.
2035 1263 2069 1293 1.

263 1317 379 1348 nunc
397 1299 607 1362 frequens
622 1300 702 1346 est.
739 1299 881 1348 Vetus
897 1299 1158 1362 exemplum
1175 1296 1236 1345 est
1253 1302 1373 1364 apud
1406 1301 1649 1365 Polybium
1681 1306 1758 1353 ubi
1776 1306 1936 1354 dimit..

262 1379 421 1411 tuntur
432 1363 491 1410 ab
506 1364 736 1410 Amilcare
755 1362 985 1413 Numidae,
1005 1361 1081 1409 sub
1100 1361 1218 1425 lege,
1231 1360 1379 1418 marm
1394 1365 1496 1426 φέςᾴν
1509 1370 1625 1413 ‘dv-m
1642 1370 1818 1424 πολέμιον
1846 1381 1938 1411 κατ’
1950 1374 2045 1409 Gom.
2070 1384 2150 1414 in..

260 1426 385 1469 αἶυτὸν
396 1460 407 1478 ,
424 1438 480 1473 Ne
487 1431 677 1486 adversm
692 1431 1031 1487 Carthaginienses
1047 1446 1174 1472 eornm
1189 1433 1388 1488 qmfiyuam
1403 1449 1515 1475 arma
1529 1434 1677 1487 hostilia
1691 1438 1825 1494 ferret.
1860 1431 1937 1478 Si-

260 1489 558 1553 milepa&um
575 1490 715 1537 habet
728 1490 774 1536 in
790 1490 1002 1537 Gothicis
1034 1491 1058 1519 ²⁸
1098 1486 1365 1552 Procopius,
1400 1490 1508 1538 Hoc
1542 1493 1721 1554 pastum
1751 1494 1935 1555 quidam

261 1556 440 1601 irritum
453 1554 745 1618 pronuntiant
762 1590 773 1609 ,
797 1554 899 1615 quia
913 1552 965 1598 fit
980 1566 1141 1597 contra
1161 1551 1365 1616 officium
1386 1554 1508 1615 quod
1530 1557 1680 1617 patriae
1697 1556 1932 1606 debeatur.

262 1619 324 1666 At
343 1634 434 1665 non
454 1616 671 1679 quicquid
685 1630 848 1662 contra
862 1615 1066 1662 officium
1088 1614 1164 1670 est>
1182 1617 1326 1662 statim
1345 1617 1393 1661 δε
1411 1618 1587 1664 irritum
1609 1619 1666 1664 est
1695 1657 1705 1675 ,
1723 1636 1771 1665 ut
1789 1622 1836 1665 δε
1854 1620 1937 1667 ali·-

259 1682 328 1732 bi,
343 1684 388 1727 &
408 1680 537 1742 supra
553 1679 761 1726 diximus.
782 1679 964 1727 Deinde
981 1693 1093 1725 vcro
1111 1692 1164 1723 nc·
1182 1694 1341 1726 contra
1356 1678 1556 1727 officium
1578 1681 1777 1741 quidem,
1794 1683 1936 1730 liber-

262 1759 407 1791 tatem
423 1744 501 1790 fibi
520 1758 677 1805 parere
694 1742 742 1789 id
761 1740 1096 1804 promittendo,
1117 1742 1243 1804 quod
1260 1745 1350 1803 jani
1371 1743 1493 1789 estin
1510 1743 1648 1790 hostis
1667 1760 1814 1791 manu.
1846 1743 1937 1791 Ni-

263 1807 360 1855 hilo
379 1807 498 1852 enim
517 1806 722 1851 deterior
739 1806 788 1850 fit
804 1808 956 1867 patriae
965 1803 1107 1854 causa,
1126 1808 1197 1851 cui
1215 1807 1251 1851 is
1268 1809 1343 1868 qui
1361 1820 1513 1869 captus
1529 1806 1589 1853 est
1609 1845 1620 1864 ,
1644 1809 1689 1852 ni
1703 1805 1937 1865 liberetur,

260 1872 355 1933 jam
372 1867 548 1932 periisse
563 1866 810 1914 censendus
825 1868 898 1913 est.

332 1933 436 1980 IX.
473 1931 758 1978 Promittunt
774 1931 822 1975 δε
848 1930 1047 1976 nonnulli
1073 1946 1166 1975 non
1178 1929 1352 1987 fugere,
1399 1944 1522 1977 tenet
1539 1933 1627 1979 'noc
1640 1949 1720 1979 eos
1739 1972 1749 1990 ,
1768 1932 1939 1980 etiamsi

262 1995 400 2046 vindi
414 1993 699 2058 promiserint
721 2032 732 2050 ,
753 2008 915 2040 contra
931 2009 1064 2054 quam
1085 1988 1271 2053 quidam
1290 1991 1500 2039 sentiunt.
1534 1995 1659 2042 Nam
1693 1998 1740 2043 δέ
1756 1996 1813 2043 sic
1828 1995 1941 2041 solet

264 2074 340 2109 aut
353 2061 446 2107 vita
463 2057 645 2114 servari,
664 2070 740 2103 aut
756 2058 918 2103 mitior
935 2056 1133 2102 obtineri
1145 2055 1357 2101 custodia.
1376 2054 1423 2102 Si
1437 2073 1550 2103 vero
1571 2059 1739 2107 vinctus
1757 2059 1806 2107 fit
1822 2058 1939 2121 post-

265 2139 336 2179 ea,
352 2124 416 2169 ita
433 2121 621 2168 demum
633 2121 749 2168 liber
764 2121 853 2167 erit
868 2119 898 2166 si
916 2117 1027 2166 ideo
1038 2118 1301 2183 promiserit
1319 2134 1375 2164 ne
1392 2120 1652 2169 vinciretur.

329 2183 398 2233 X.
435 2184 552 2232 Satis
566 2186 718 2248 inepte
733 2184 944 2246 quaeritur
979 2200 1034 2230 an
1059 2184 1138 2248 qni
1169 2193 1325 2243 captus
1360 2182 1419 2228 est
1437 2184 1507 2229 alii
1528 2184 1696 2231 dedere
1725 2182 1767 2232 se
1786 2183 1940 2247 poffit·

265 2247 426 2299 Nimis
437 2250 555 2295 enim
570 2263 746 2295 certum
775 2243 837 2293 est
858 2285 867 2303 ‚
889 2247 1116 2292 neminem
1152 2244 1225 2290 sua
1242 2245 1451 2307 pafilione
1480 2249 1553 2306 »jus
1570 2248 1696 2294 alteri
1711 2248 1937 2310 quaefitum

266 2312 471 2359 adimere
485 2311 621 2374 poffe.
657 2310 733 2357 Est
747 2325 900 2357 autem
933 2308 1108 2373 captori
1138 2309 1209 2368 jus
1226 2308 1451 2370 qnaefitum
1471 2349 1481 2365 ‚
1502 2326 1578 2356 aut
1597 2310 1690 2374 ipso
1710 2310 1809 2356 belli
1821 2313 1934 2369 jure,

265 2391 344 2422 ant
363 2375 529 2439 partim
547 2373 655 2421 belli
669 2374 771 2433 jure
789 2411 800 2429 ,
820 2374 987 2436 partim
1009 2370 1216 2419 concessu
1247 2374 1341 2430 ejus
1359 2374 1434 2434 qui
1457 2372 1620 2420 bellum
1646 2376 1761 2437 gerit
1785 2373 1933 2420 secun·
1949 2375 2018 2411 lib·
2038 2381 2118 2417 ¹¹¹,
2131 2385 2163 2414 e.

266 2439 459 2495 dumea,
507 2455 570 2484 uae
589 2437 717 2502 supra
733 2435 1042 2499 exposuimuS.
1951 2428 2060 2516 Εἴ]
2075 2430 2137 2467 ²3'

332 2502 382 2550 X
401 2502 442 2548 Ι.
497 2500 613 2548 '‘irca
628 2498 814 2547 effeetus
829 2499 1070 2561 paCtorum
1088 2499 1274 2564 egregia
1286 2499 1462 2560 quaestio
1480 2499 1540 2547 est
1556 2538 1567 2556 ,
1594 2515 1649 2545 an
1666 2499 1828 2560 privati
1848 2498 1936 2547 siin
2033 2480 2071 2516 ⁹⁶

266 2564 360 2613 fide
375 2563 620 2628 praestanda
630 2562 916 2627 negligentes
932 2561 1030 2619 fint,
1048 2563 1074 2608 Ξι
1086 2559 1169 2609 suis
1186 2562 1480 2624 potestatibus
1495 2562 1686 2625 cogendi
1704 2562 1784 2608 sint
1804 2601 1814 2618 ‚
1833 2578 1935 2609 eam

268 2629 474 2691 implere.
515 2627 575 2676 Et
601 2627 839 2690 cogendos
869 2627 1018 2672 verius
1043 2624 1106 2671 est
1133 2627 1178 2672 in
1197 2624 1323 2672 bello
1342 2625 1559 2672 duntaxat
1570 2624 1736 2671 solenni
1758 2664 1768 2682 ‚
1785 2626 1934 2685 objus

269 2692 487 2761 gentium,
503 2707 598 2753 quo
613 2689 784 2737 bellum
801 2703 1011 2753 gerentes
1026 2687 1364 2752 obstringuntur
1384 2727 1392 2744 ,
1412 2689 1524 2735 alter
1542 2688 1670 2734 alteri
1687 2688 1755 2745 ius
1770 2687 1934 2734 redde-

269 2773 338 2814 re,
350 2755 488 2801 eriam
504 2757 562 2800 de
579 2752 708 2801 faCtis
728 2754 1030 2817 privatorum,
1048 2764 1218 2814 utputa
1232 2751 1262 2798 fi
1280 2755 1307 2798 a
1322 2753 1505 2815 privatis
1525 2752 1682 2799 violati
1699 2750 1833 2797 eiscnt
1850 2751 1938 2797 ho-

270 2819 402 2867 stium
420 2818 462 2862 le
496 2818 574 2864 ati.
595 2815 671 2863 Sic
690 2814 934 2863 Cornelius
951 2813 1118 2877 Nepos
1133 2816 1350 2861 recitante
1377 2814 1528 2861 Gellio
1545 2812 1773 2875 scripserat
1789 2852 1799 2869 ,
1819 2814 1937 2859 mul·
1951 2813 2025 2848 Lib.
2038 2819 2153 2857 ”¹¹0

271 2882 331 2929 tis
347 2885 372 2911 *
389 2882 433 2927 in
452 2833 603 2927 regnatu
622 2879 826 2942 placuisse
843 2916 854 2934 ‚
877 2878 964 2923 ntii
985 2877 1043 2923 de
1055 2876 1215 2923 decem
1232 2878 1417 2940 captivis
1437 2916 1448 2934 ‚
1487 2880 1561 2941 qui
1575 2876 1723 2924 redire
1743 2876 1933 2934 nollent,
1949 2873 1978 2899 ‘·
1994 2861 2029 2898 ⁸·

270 2944 390 2993 datis
403 2941 677 3000 custodibus,
694 2942 752 2990 ad
767 2939 1070 2989 Hannibalem
1088 2938 1433 2987 deducerentur.

339 3005 424 3054 XI
441 3005 477 3051 I.
512 3005 589 3052 De
606 3006 995 3070 interpretatione,
1009 3002 1210 3050 tenendae
1228 3003 1387 3067 regulae
1399 3004 1491 3063 jam
1504 3002 1742 3065 aliquoties
1757 3020 1938 3051 memo·
2071 3063 2075 3065 Α

272 3083 378 3118 ratae
390 3107 403 3125 ,
423 3085 472 3116 ut
487 3072 514 3114 a
529 3070 812 3130 proprietate
829 3067 1075 3113 verborum
1093 3082 1183 3112 non
1197 3066 1456 3116 recedatur,
1480 3065 1555 3112 nifi
1571 3066 1747 3113 absurdi
1766 3066 1936 3114 vitandi
1955 3059 2024 3124 {³⁶-
2047 3069 2148 3138 {¹⁸⁶⁴

271 3129 402 3179 causa
418 3168 429 3187 ‚
454 3145 532 3177 aut
567 3145 624 3177 ex
651 3132 735 3177 alia
763 3131 864 3177 satis
885 3144 1008 3175 certa
1023 3131 1186 3175 mentis
1203 3129 1455 3187 conjectura
1475 3143 1485 3175 :
1506 3130 1614 3175 utin
1635 3129 1775 3177 dubio
1793 3131 1937 3194 magis
1947 3116 2140 3190 ᾒζῖἷψᾷ,2ξ,

271 3196 620 3255 interpretemur
638 3192 776 3240 verba
787 3206 945 3239 contra
958 3209 1076 3242 eum,
1093 3194 1166 3255 qui
1183 3192 1330 3252 legem
1349 3190 1494 3238 dedit.
1515 3189 1665 3239 Vitam
1680 3191 1831 3256 pastus
1844 3209 1937 3240 non
1955 3214 2015 3241 xx.
2029 3208 2063 3242 τ.
2076 3201 2140 3240 26.

274 3259 413 3304 etiam
448 3255 507 3301 ad
542 3252 798 3302 libertatem
836 3258 903 3314 jus
940 3255 1094 3302 habet.
1128 3254 1329 3303 Vestium
1360 3255 1546 3300 nomine
1582 3272 1705 3302 arma
1735 3272 1826 3302 non
1859 3271 1939 3302 ve-

274 3321 403 3369 niunt
421 3334 432 3369 ς
448 3318 544 3366 sunt
559 3317 678 3366 enim
693 3319 783 3367 haec
799 3316 990 3369 diversa.
1024 3316 1196 3370 Veniffe
1214 3317 1427 3370 auxilium
1445 3317 1567 3366 reste
1579 3318 1741 3370 dicitur
1755 3357 1767 3381 ,
1781 3317 1811 3366 fi
1830 3317 1881 3363 fit
1896 3318 1944 3367 in

1826 3394 1941 3428 COH-
