<?xml version="1.0" encoding="UTF-8"?>
<!DOCTYPE html PUBLIC "-//W3C//DTD XHTML 1.0 Transitional//EN"
    "http://www.w3.org/TR/xhtml1/DTD/xhtml1-transitional.dtd">
<html xmlns="http://www.w3.org/1999/xhtml" xml:lang="en" lang="en">
 <head>
  <title>
</title>
<meta http-equiv="Content-Type" content="text/html;charset=utf-8" />
  <meta name='ocr-system' content='tesseract 3.04.00' />
  <meta name='ocr-capabilities' content='ocr_page ocr_carea ocr_par ocr_line ocrx_word'/>
</head>
<body>
  <div class='ocr_page' id='page_1' title='image "./hugonisgrottiide010grotuoft_0053.png"; bbox 0 0 2527 3938; ppageno 0'>
   <div class='ocr_carea' id='block_1_1' title="bbox 828 316 2054 377">
    <p class='ocr_par' dir='ltr' id='par_1_1' title="bbox 828 316 2054 377">
     <span class='ocr_line' id='line_1_1' title="bbox 828 316 2054 377; baseline 0.01 -24"><span class='ocrx_word' id='word_1_1' title='bbox 828 316 1724 364; x_wconf 60' lang='lat' dir='ltr'>acencrs‚t1n.r.</span> <span class='ocrx_word' id='word_1_2' title='bbox 2032 339 2054 377; x_wconf 76' lang='lat'>9</span> 
     </span>
    </p>
   </div>
   <div class='ocr_carea' id='block_1_2' title="bbox 389 382 2060 3333">
    <p class='ocr_par' dir='ltr' id='par_1_2' title="bbox 389 382 2058 822">
     <span class='ocr_line' id='line_1_2' title="bbox 389 382 2057 452; baseline 0.005 -19"><span class='ocrx_word' id='word_1_3' title='bbox 389 383 664 433; x_wconf 80' lang='lat' dir='ltr'>solacioncm</span> <span class='ocrx_word' id='word_1_4' title='bbox 685 382 907 444; x_wconf 65' lang='lat' dir='ltr'>praecisam</span> <span class='ocrx_word' id='word_1_5' title='bbox 927 382 1013 430; x_wconf 81' lang='lat' dir='ltr'>sine</span> <span class='ocrx_word' id='word_1_6' title='bbox 1043 383 1117 445; x_wconf 81' lang='lat' dir='ltr'>spe</span> <span class='ocrx_word' id='word_1_7' title='bbox 1134 384 1422 434; x_wconf 83' lang='lat' dir='ltr'>restitutionis</span> <span class='ocrx_word' id='word_1_8' title='bbox 1441 392 1633 452; x_wconf 82' lang='lat' dir='ltr'>populus</span> <span class='ocrx_word' id='word_1_9' title='bbox 1649 391 1733 437; x_wconf 80' lang='lat' dir='ltr'>effe</span> <span class='ocrx_word' id='word_1_10' title='bbox 1752 391 1893 440; x_wconf 80' lang='lat' dir='ltr'>desiit.</span> <span class='ocrx_word' id='word_1_11' title='bbox 1946 392 2057 442; x_wconf 82' lang='lat' dir='ltr'>Nos</span> 
     </span>
     <span class='ocr_line' id='line_1_3' title="bbox 397 444 2057 509; baseline 0.007 -16"><span class='ocrx_word' id='word_1_12' title='bbox 397 463 509 493; x_wconf 86' lang='lat' dir='ltr'>vero</span> <span class='ocrx_word' id='word_1_13' title='bbox 523 447 776 509; x_wconf 76' lang='lat' dir='ltr'>alienigenae</span> <span class='ocrx_word' id='word_1_14' title='bbox 792 462 884 493; x_wconf 88' lang='lat' dir='ltr'>non</span> <span class='ocrx_word' id='word_1_15' title='bbox 901 445 951 492; x_wconf 87' lang='lat' dir='ltr'>id</span> <span class='ocrx_word' id='word_1_16' title='bbox 970 444 1135 493; x_wconf 88' lang='lat' dir='ltr'>Christi</span> <span class='ocrx_word' id='word_1_17' title='bbox 1151 447 1349 496; x_wconf 80' lang='lat' dir='ltr'>adventu</span> <span class='ocrx_word' id='word_1_18' title='bbox 1386 452 1611 500; x_wconf 79' lang='lat' dir='ltr'><strong>consecuti</strong></span> <span class='ocrx_word' id='word_1_19' title='bbox 1640 454 1785 500; x_wconf 86' lang='lat' dir='ltr'>sumus</span> <span class='ocrx_word' id='word_1_20' title='bbox 1805 493 1814 505; x_wconf 88' lang='lat'><em>,</em></span> <span class='ocrx_word' id='word_1_21' title='bbox 1848 471 1898 502; x_wconf 84' lang='lat' dir='ltr'>ut</span> <span class='ocrx_word' id='word_1_22' title='bbox 1911 457 2057 505; x_wconf 80' lang='lat' dir='ltr'>Mosis</span> 
     </span>
     <span class='ocr_line' id='line_1_4' title="bbox 396 507 2055 575; baseline 0.007 -20"><span class='ocrx_word' id='word_1_23' title='bbox 396 510 495 575; x_wconf 78' lang='lat' dir='ltr'>lege</span> <span class='ocrx_word' id='word_1_24' title='bbox 516 524 606 554; x_wconf 87' lang='lat' dir='ltr'>non</span> <span class='ocrx_word' id='word_1_25' title='bbox 616 523 872 556; x_wconf 85' lang='lat' dir='ltr'>teneremur</span> <span class='ocrx_word' id='word_1_26' title='bbox 885 544 896 559; x_wconf 89' lang='lat'><em>,</em></span> <span class='ocrx_word' id='word_1_27' title='bbox 920 507 998 555; x_wconf 85' lang='lat' dir='ltr'>sed</span> <span class='ocrx_word' id='word_1_28' title='bbox 1016 525 1065 555; x_wconf 91' lang='lat' dir='ltr'>ut</span> <span class='ocrx_word' id='word_1_29' title='bbox 1084 511 1159 571; x_wconf 92' lang='lat' dir='ltr'>qui</span> <span class='ocrx_word' id='word_1_30' title='bbox 1175 525 1303 558; x_wconf 76' lang='lat' dir='ltr'>antea</span> <span class='ocrx_word' id='word_1_31' title='bbox 1318 512 1439 574; x_wconf 82' lang='lat' dir='ltr'>spem</span> <span class='ocrx_word' id='word_1_32' title='bbox 1453 528 1625 561; x_wconf 76' lang='lat' dir='ltr'>tantum</span> <span class='ocrx_word' id='word_1_33' title='bbox 1647 515 1745 562; x_wconf 71' lang='lat' dir='ltr'>stitis</span> <span class='ocrx_word' id='word_1_34' title='bbox 1762 517 1998 567; x_wconf 74' lang='lat' dir='ltr'>obscuram</span> <span class='ocrx_word' id='word_1_35' title='bbox 2011 523 2055 567; x_wconf 90' lang='lat' dir='ltr'>in</span> 
     </span>
     <span class='ocr_line' id='line_1_5' title="bbox 398 570 2058 633; baseline 0.007 -15"><span class='ocrx_word' id='word_1_36' title='bbox 398 572 490 618; x_wconf 86' lang='lat' dir='ltr'>Dei</span> <span class='ocrx_word' id='word_1_37' title='bbox 508 571 715 617; x_wconf 79' lang='lat' dir='ltr'>bonitate</span> <span class='ocrx_word' id='word_1_38' title='bbox 732 570 920 633; x_wconf 85' lang='lat' dir='ltr'>pofitam</span> <span class='ocrx_word' id='word_1_39' title='bbox 937 570 1105 617; x_wconf 77' lang='lat' dir='ltr'>habere</span> <span class='ocrx_word' id='word_1_40' title='bbox 1122 586 1384 633; x_wconf 81' lang='lat' dir='ltr'>poteramus</span> <span class='ocrx_word' id='word_1_41' title='bbox 1410 613 1421 627; x_wconf 86' lang='lat'><strong>‚</strong></span> <span class='ocrx_word' id='word_1_42' title='bbox 1458 592 1570 622; x_wconf 85' lang='lat' dir='ltr'>nunc</span> <span class='ocrx_word' id='word_1_43' title='bbox 1603 577 1769 625; x_wconf 83' lang='lat' dir='ltr'>diserto</span> <span class='ocrx_word' id='word_1_44' title='bbox 1784 579 1956 628; x_wconf 76' lang='lat' dir='ltr'>foedere</span> <span class='ocrx_word' id='word_1_45' title='bbox 1969 581 2058 629; x_wconf 73' lang='lat' dir='ltr'>ful-</span> 
     </span>
     <span class='ocr_line' id='line_1_6' title="bbox 397 634 2057 700; baseline 0.008 -21"><span class='ocrx_word' id='word_1_46' title='bbox 397 634 584 681; x_wconf 80' lang='lat' dir='ltr'>ciamur,</span> <span class='ocrx_word' id='word_1_47' title='bbox 600 647 736 694; x_wconf 85' lang='lat' dir='ltr'>utque</span> <span class='ocrx_word' id='word_1_48' title='bbox 750 635 794 679; x_wconf 83' lang='lat' dir='ltr'>in</span> <span class='ocrx_word' id='word_1_49' title='bbox 812 650 944 680; x_wconf 79' lang='lat' dir='ltr'>unam</span> <span class='ocrx_word' id='word_1_50' title='bbox 963 634 1203 680; x_wconf 75' lang='lat' dir='ltr'>Ecclesiam</span> <span class='ocrx_word' id='word_1_51' title='bbox 1219 637 1466 683; x_wconf 72' lang='lat' dir='ltr'>coalescere</span> <span class='ocrx_word' id='word_1_52' title='bbox 1494 639 1708 700; x_wconf 74' lang='lat' dir='ltr'>poffimus</span> <span class='ocrx_word' id='word_1_53' title='bbox 1734 658 1836 689; x_wconf 84' lang='lat' dir='ltr'>cum</span> <span class='ocrx_word' id='word_1_54' title='bbox 1856 644 2057 692; x_wconf 79' lang='lat' dir='ltr'>Hebraeis</span> 
     </span>
     <span class='ocr_line' id='line_1_7' title="bbox 397 695 2053 763; baseline 0.002 -21"><span class='ocrx_word' id='word_1_55' title='bbox 397 696 498 743; x_wconf 86' lang='lat' dir='ltr'>filiis</span> <span class='ocrx_word' id='word_1_56' title='bbox 514 696 889 751; x_wconf 71' lang='lat' dir='ltr'>patriarcharum,</span> <span class='ocrx_word' id='word_1_57' title='bbox 906 695 1074 743; x_wconf 80' lang='lat' dir='ltr'>sublata</span> <span class='ocrx_word' id='word_1_58' title='bbox 1087 695 1287 758; x_wconf 82' lang='lat' dir='ltr'>ipsorum</span> <span class='ocrx_word' id='word_1_59' title='bbox 1302 699 1416 763; x_wconf 80' lang='lat' dir='ltr'>lege,</span> <span class='ocrx_word' id='word_1_60' title='bbox 1433 717 1524 763; x_wconf 89' lang='lat' dir='ltr'>quo</span> <span class='ocrx_word' id='word_1_61' title='bbox 1540 703 1662 749; x_wconf 83' lang='lat' dir='ltr'>velut</span> <span class='ocrx_word' id='word_1_62' title='bbox 1689 705 2053 759; x_wconf 65' lang='lat' dir='ltr'>intersepimento</span> 
     </span>
     <span class='ocr_line' id='line_1_8' title="bbox 397 756 1861 822; baseline -0.001 -16"><span class='ocrx_word' id='word_1_63' title='bbox 397 762 425 807; x_wconf 70' lang='grc' dir='ltr'>ἐι</span> <span class='ocrx_word' id='word_1_64' title='bbox 439 758 568 805; x_wconf 77' lang='lat' dir='ltr'>nobis</span> <span class='ocrx_word' id='word_1_65' title='bbox 600 756 933 817; x_wconf 79' lang='lat' dir='ltr'>distinebantur.</span> <span class='ocrx_word' id='word_1_66' title='bbox 947 757 1104 820; x_wconf 70' lang='lat' dir='ltr'>Ephefi</span> <span class='ocrx_word' id='word_1_67' title='bbox 1124 774 1196 815; x_wconf 88' lang='lat'>11,</span> <span class='ocrx_word' id='word_1_68' title='bbox 1218 771 1289 822; x_wconf 85' lang='lat'>14.</span> <span class='ocrx_word' id='word_1_69' title='bbox 1853 764 1861 769; x_wconf 83' lang='lat'><strong><em>&#39;</em></strong></span> 
     </span>
    </p>

    <p class='ocr_par' dir='ltr' id='par_1_3' title="bbox 397 818 2060 3333">
     <span class='ocr_line' id='line_1_9' title="bbox 461 818 2056 889; baseline 0.006 -23"><span class='ocrx_word' id='word_1_70' title='bbox 461 822 512 869; x_wconf 88' lang='lat' dir='ltr'>X</span> <span class='ocrx_word' id='word_1_71' title='bbox 526 822 568 871; x_wconf 94' lang='lat' dir='ltr'>V</span> <span class='ocrx_word' id='word_1_72' title='bbox 588 820 655 868; x_wconf 92' lang='grc' dir='ltr'>ΙΙ.</span> <span class='ocrx_word' id='word_1_73' title='bbox 671 818 797 868; x_wconf 87' lang='lat' dir='ltr'>Cum</span> <span class='ocrx_word' id='word_1_74' title='bbox 808 837 920 886; x_wconf 80' lang='lat' dir='ltr'>ergo</span> <span class='ocrx_word' id='word_1_75' title='bbox 939 821 1152 868; x_wconf 55' lang='lat' dir='ltr'>directam</span> <span class='ocrx_word' id='word_1_76' title='bbox 1171 821 1499 887; x_wconf 76' lang='lat' dir='ltr'>obligationem</span> <span class='ocrx_word' id='word_1_77' title='bbox 1511 824 1585 871; x_wconf 78' lang='lat' dir='ltr'>lex</span> <span class='ocrx_word' id='word_1_78' title='bbox 1600 841 1679 889; x_wconf 89' lang='lat' dir='ltr'>per</span> <span class='ocrx_word' id='word_1_79' title='bbox 1694 828 1881 878; x_wconf 87' lang='lat' dir='ltr'>Mosem</span> <span class='ocrx_word' id='word_1_80' title='bbox 1899 834 2002 878; x_wconf 79' lang='lat' dir='ltr'>data</span> <span class='ocrx_word' id='word_1_81' title='bbox 2012 833 2056 878; x_wconf 85' lang='lat' dir='ltr'>in</span> 
     </span>
     <span class='ocr_line' id='line_1_10' title="bbox 397 882 2055 953; baseline 0.006 -22"><span class='ocrx_word' id='word_1_82' title='bbox 397 900 483 938; x_wconf 83' lang='lat' dir='ltr'>nos</span> <span class='ocrx_word' id='word_1_83' title='bbox 495 882 709 931; x_wconf 80' lang='lat' dir='ltr'>inducere</span> <span class='ocrx_word' id='word_1_84' title='bbox 726 900 817 930; x_wconf 87' lang='lat' dir='ltr'>non</span> <span class='ocrx_word' id='word_1_85' title='bbox 835 883 983 947; x_wconf 85' lang='lat' dir='ltr'>poffit,</span> <span class='ocrx_word' id='word_1_86' title='bbox 1000 898 1051 930; x_wconf 88' lang='lat' dir='ltr'>ut</span> <span class='ocrx_word' id='word_1_87' title='bbox 1068 886 1160 944; x_wconf 80' lang='lat' dir='ltr'>jam</span> <span class='ocrx_word' id='word_1_88' title='bbox 1178 884 1697 936; x_wconf 83' lang='lat' dir='ltr'>ostendimus‚videamus</span> <span class='ocrx_word' id='word_1_89' title='bbox 1712 906 1900 953; x_wconf 84' lang='lat' dir='ltr'><strong>ecquem</strong></span> <span class='ocrx_word' id='word_1_90' title='bbox 1919 895 2055 941; x_wconf 80' lang='lat' dir='ltr'>aliurn</span> 
     </span>
     <span class='ocr_line' id='line_1_11' title="bbox 399 944 2055 1010; baseline 0.005 -15"><span class='ocrx_word' id='word_1_91' title='bbox 399 947 525 1004; x_wconf 78' lang='lat' dir='ltr'>usum</span> <span class='ocrx_word' id='word_1_92' title='bbox 538 944 705 993; x_wconf 80' lang='lat' dir='ltr'>habere</span> <span class='ocrx_word' id='word_1_93' title='bbox 721 946 857 1010; x_wconf 82' lang='lat' dir='ltr'>poffit</span> <span class='ocrx_word' id='word_1_94' title='bbox 875 986 887 1003; x_wconf 90' lang='lat'>‚</span> <span class='ocrx_word' id='word_1_95' title='bbox 923 961 1021 994; x_wconf 86' lang='lat' dir='ltr'>tum</span> <span class='ocrx_word' id='word_1_96' title='bbox 1036 949 1082 993; x_wconf 85' lang='lat' dir='ltr'>in</span> <span class='ocrx_word' id='word_1_97' title='bbox 1098 947 1179 993; x_wconf 72' lang='lat' dir='ltr'>hac</span> <span class='ocrx_word' id='word_1_98' title='bbox 1191 947 1249 993; x_wconf 87' lang='lat' dir='ltr'>de</span> <span class='ocrx_word' id='word_1_99' title='bbox 1267 949 1364 1007; x_wconf 86' lang='lat' dir='ltr'>jure</span> <span class='ocrx_word' id='word_1_100' title='bbox 1380 949 1485 996; x_wconf 83' lang='lat' dir='ltr'>belli</span> <span class='ocrx_word' id='word_1_101' title='bbox 1501 988 1512 1005; x_wconf 87' lang='lat'><em>,</em></span> <span class='ocrx_word' id='word_1_102' title='bbox 1548 964 1645 996; x_wconf 89' lang='lat' dir='ltr'>tum</span> <span class='ocrx_word' id='word_1_103' title='bbox 1665 952 1710 998; x_wconf 87' lang='lat' dir='ltr'>in</span> <span class='ocrx_word' id='word_1_104' title='bbox 1734 953 1946 1002; x_wconf 83' lang='lat' dir='ltr'>fimilibus</span> <span class='ocrx_word' id='word_1_105' title='bbox 1960 956 2055 1004; x_wconf 83' lang='lat' dir='ltr'>aliis</span> 
     </span>
     <span class='ocr_line' id='line_1_12' title="bbox 400 1006 2055 1078; baseline 0.005 -21"><span class='ocrx_word' id='word_1_106' title='bbox 400 1009 725 1073; x_wconf 81' lang='lat' dir='ltr'>quaestionibus.</span> <span class='ocrx_word' id='word_1_107' title='bbox 759 1006 809 1055; x_wconf 74' lang='lat' dir='ltr'>Id</span> <span class='ocrx_word' id='word_1_108' title='bbox 827 1013 947 1056; x_wconf 85' lang='lat' dir='ltr'>enim</span> <span class='ocrx_word' id='word_1_109' title='bbox 962 1008 1070 1056; x_wconf 88' lang='lat' dir='ltr'>scire</span> <span class='ocrx_word' id='word_1_110' title='bbox 1087 1009 1141 1055; x_wconf 73' lang='lat' dir='ltr'>ad</span> <span class='ocrx_word' id='word_1_111' title='bbox 1155 1011 1298 1058; x_wconf 81' lang='lat' dir='ltr'>multa</span> <span class='ocrx_word' id='word_1_112' title='bbox 1315 1010 1467 1059; x_wconf 86' lang='lat' dir='ltr'>refert.</span> <span class='ocrx_word' id='word_1_113' title='bbox 1512 1011 1714 1062; x_wconf 88' lang='lat' dir='ltr'>Primum</span> <span class='ocrx_word' id='word_1_114' title='bbox 1733 1031 1843 1078; x_wconf 76' lang='lat' dir='ltr'>ergo</span> <span class='ocrx_word' id='word_1_115' title='bbox 1861 1017 2055 1066; x_wconf 87' lang='lat' dir='ltr'>ostendit</span> 
     </span>
     <span class='ocr_line' id='line_1_13' title="bbox 400 1071 2054 1138; baseline 0.005 -18"><span class='ocrx_word' id='word_1_116' title='bbox 400 1074 476 1123; x_wconf 76' lang='lat' dir='ltr'>lex</span> <span class='ocrx_word' id='word_1_117' title='bbox 494 1072 686 1120; x_wconf 74' lang='lat' dir='ltr'>Hebraea</span> <span class='ocrx_word' id='word_1_118' title='bbox 702 1111 712 1128; x_wconf 91' lang='lat'>,</span> <span class='ocrx_word' id='word_1_119' title='bbox 734 1071 782 1119; x_wconf 81' lang='lat' dir='ltr'>id</span> <span class='ocrx_word' id='word_1_120' title='bbox 800 1073 926 1136; x_wconf 87' lang='lat' dir='ltr'>quod</span> <span class='ocrx_word' id='word_1_121' title='bbox 944 1088 994 1118; x_wconf 83' lang='lat' dir='ltr'>ea</span> <span class='ocrx_word' id='word_1_122' title='bbox 1006 1073 1106 1137; x_wconf 80' lang='lat' dir='ltr'>lege</span> <span class='ocrx_word' id='word_1_123' title='bbox 1122 1075 1371 1137; x_wconf 65' lang='lat' dir='ltr'>praecipitur</span> <span class='ocrx_word' id='word_1_124' title='bbox 1389 1091 1478 1120; x_wconf 86' lang='lat' dir='ltr'>nou</span> <span class='ocrx_word' id='word_1_125' title='bbox 1497 1074 1581 1122; x_wconf 78' lang='lat' dir='ltr'>effe</span> <span class='ocrx_word' id='word_1_126' title='bbox 1602 1092 1760 1125; x_wconf 82' lang='lat' dir='ltr'>contra</span> <span class='ocrx_word' id='word_1_127' title='bbox 1790 1081 1859 1138; x_wconf 89' lang='lat' dir='ltr'>jus</span> <span class='ocrx_word' id='word_1_128' title='bbox 1875 1096 2054 1128; x_wconf 83' lang='lat' dir='ltr'>natutae.</span> 
     </span>
     <span class='ocr_line' id='line_1_14' title="bbox 401 1136 2052 1202; baseline 0.004 -18"><span class='ocrx_word' id='word_1_129' title='bbox 401 1136 530 1185; x_wconf 85' lang='lat' dir='ltr'>Nam</span> <span class='ocrx_word' id='word_1_130' title='bbox 549 1152 653 1183; x_wconf 89' lang='lat' dir='ltr'>cum</span> <span class='ocrx_word' id='word_1_131' title='bbox 667 1136 736 1196; x_wconf 84' lang='lat' dir='ltr'>jus</span> <span class='ocrx_word' id='word_1_132' title='bbox 750 1146 928 1187; x_wconf 73' lang='lat' dir='ltr'>naturae,</span> <span class='ocrx_word' id='word_1_133' title='bbox 946 1151 996 1181; x_wconf 84' lang='lat' dir='ltr'>ut</span> <span class='ocrx_word' id='word_1_134' title='bbox 1015 1149 1116 1183; x_wconf 83' lang='lat' dir='ltr'>ante</span> <span class='ocrx_word' id='word_1_135' title='bbox 1132 1136 1341 1194; x_wconf 81' lang='lat' dir='ltr'>diximus,</span> <span class='ocrx_word' id='word_1_136' title='bbox 1354 1137 1402 1184; x_wconf 86' lang='lat' dir='ltr'>fit</span> <span class='ocrx_word' id='word_1_137' title='bbox 1415 1154 1678 1201; x_wconf 85' lang='lat' dir='ltr'>perpetuum</span> <span class='ocrx_word' id='word_1_138' title='bbox 1691 1139 1823 1202; x_wconf 81' lang='lat' dir='ltr'>atque</span> <span class='ocrx_word' id='word_1_139' title='bbox 1839 1144 2052 1191; x_wconf 82' lang='lat' dir='ltr'>immuta-</span> 
     </span>
     <span class='ocr_line' id='line_1_15' title="bbox 400 1198 2049 1265; baseline 0.003 -18"><span class='ocrx_word' id='word_1_140' title='bbox 400 1198 507 1253; x_wconf 81' lang='lat' dir='ltr'>bile,</span> <span class='ocrx_word' id='word_1_141' title='bbox 525 1215 615 1246; x_wconf 87' lang='lat' dir='ltr'>non</span> <span class='ocrx_word' id='word_1_142' title='bbox 633 1200 781 1263; x_wconf 82' lang='lat' dir='ltr'>potuit</span> <span class='ocrx_word' id='word_1_143' title='bbox 798 1202 824 1245; x_wconf 71' lang='grc' dir='ltr'>ἐι</span> <span class='ocrx_word' id='word_1_144' title='bbox 841 1200 963 1251; x_wconf 74' lang='lat' dir='ltr'>Deo,</span> <span class='ocrx_word' id='word_1_145' title='bbox 980 1200 1054 1260; x_wconf 89' lang='lat' dir='ltr'>qui</span> <span class='ocrx_word' id='word_1_146' title='bbox 1069 1199 1247 1257; x_wconf 81' lang='lat' dir='ltr'>injustus</span> <span class='ocrx_word' id='word_1_147' title='bbox 1264 1215 1507 1261; x_wconf 81' lang='lat' dir='ltr'>numquam</span> <span class='ocrx_word' id='word_1_148' title='bbox 1535 1200 1607 1251; x_wconf 79' lang='lat' dir='ltr'>est.</span> <span class='ocrx_word' id='word_1_149' title='bbox 1635 1203 1872 1265; x_wconf 83' lang='lat' dir='ltr'>quicquam</span> <span class='ocrx_word' id='word_1_150' title='bbox 1889 1205 2049 1254; x_wconf 84' lang='lat' dir='ltr'>adver-</span> 
     </span>
     <span class='ocr_line' id='line_1_16' title="bbox 401 1261 2052 1326; baseline 0.002 -16"><span class='ocrx_word' id='word_1_151' title='bbox 401 1261 471 1313; x_wconf 81' lang='lat' dir='ltr'>sus</span> <span class='ocrx_word' id='word_1_152' title='bbox 487 1261 534 1309; x_wconf 9' lang='lat' dir='ltr'>id?</span> <span class='ocrx_word' id='word_1_153' title='bbox 544 1264 614 1323; x_wconf 79' lang='lat' dir='ltr'>jus</span> <span class='ocrx_word' id='word_1_154' title='bbox 631 1263 822 1326; x_wconf 74' lang='lat' dir='ltr'>praecipi.</span> <span class='ocrx_word' id='word_1_155' title='bbox 849 1261 983 1308; x_wconf 83' lang='lat' dir='ltr'>Adde</span> <span class='ocrx_word' id='word_1_156' title='bbox 1000 1262 1126 1323; x_wconf 84' lang='lat' dir='ltr'>quod</span> <span class='ocrx_word' id='word_1_157' title='bbox 1142 1262 1215 1308; x_wconf 81' lang='lat' dir='ltr'>lex</span> <span class='ocrx_word' id='word_1_158' title='bbox 1246 1262 1390 1310; x_wconf 86' lang='lat' dir='ltr'>Mofis</span> <span class='ocrx_word' id='word_1_159' title='bbox 1408 1279 1594 1311; x_wconf 86' lang='lat' dir='ltr'>vocatur</span> <span class='ocrx_word' id='word_1_160' title='bbox 1620 1264 1904 1313; x_wconf 79' lang='lat' dir='ltr'>immaculata</span> <span class='ocrx_word' id='word_1_161' title='bbox 1918 1269 1966 1313; x_wconf 72' lang='grc' dir='ltr'>δε</span> <span class='ocrx_word' id='word_1_162' title='bbox 1980 1283 2052 1314; x_wconf 89' lang='lat' dir='ltr'>re·-</span> 
     </span>
     <span class='ocr_line' id='line_1_17' title="bbox 400 1323 2047 1389; baseline 0.002 -17"><span class='ocrx_word' id='word_1_163' title='bbox 400 1325 487 1383; x_wconf 58' lang='grc' dir='ltr'>ἃᾶ,</span> <span class='ocrx_word' id='word_1_164' title='bbox 504 1324 662 1372; x_wconf 84' lang='lat' dir='ltr'>Psalm.</span> <span class='ocrx_word' id='word_1_165' title='bbox 673 1341 782 1380; x_wconf 77' lang='lat' dir='ltr'>xnt,</span> <span class='ocrx_word' id='word_1_166' title='bbox 798 1324 1050 1386; x_wconf 80' lang='lat' dir='ltr'>quiLatinis</span> <span class='ocrx_word' id='word_1_167' title='bbox 1065 1341 1153 1371; x_wconf 68' lang='lat' dir='ltr'>xvi</span> <span class='ocrx_word' id='word_1_168' title='bbox 1164 1341 1185 1371; x_wconf 91' lang='lat'>1</span> <span class='ocrx_word' id='word_1_169' title='bbox 1196 1323 1283 1382; x_wconf 83' lang='lat'>1‚8.</span> <span class='ocrx_word' id='word_1_170' title='bbox 1303 1327 1350 1372; x_wconf 74' lang='grc' dir='ltr'>δε</span> <span class='ocrx_word' id='word_1_171' title='bbox 1361 1325 1583 1389; x_wconf 84' lang='lat' dir='ltr'>Apostolo</span> <span class='ocrx_word' id='word_1_172' title='bbox 1602 1324 1743 1373; x_wconf 80' lang='lat' dir='ltr'>Paulo</span> <span class='ocrx_word' id='word_1_173' title='bbox 1759 1327 2047 1385; x_wconf 66' lang='lat' dir='ltr'>sansta,iusta‚</span> 
     </span>
     <span class='ocr_line' id='line_1_18' title="bbox 401 1387 2048 1452; baseline -0.001 -16"><span class='ocrx_word' id='word_1_174' title='bbox 401 1388 538 1445; x_wconf 79' lang='lat' dir='ltr'>bona,</span> <span class='ocrx_word' id='word_1_175' title='bbox 551 1387 691 1434; x_wconf 87' lang='lat' dir='ltr'>Rom.</span> <span class='ocrx_word' id='word_1_176' title='bbox 708 1403 763 1435; x_wconf 82' lang='lat' dir='ltr'>VI</span> <span class='ocrx_word' id='word_1_177' title='bbox 775 1403 814 1443; x_wconf 85' lang='lat'>1,</span> <span class='ocrx_word' id='word_1_178' title='bbox 836 1401 908 1435; x_wconf 84' lang='lat'>12.</span> <span class='ocrx_word' id='word_1_179' title='bbox 931 1389 1007 1436; x_wconf 88' lang='lat' dir='ltr'>De</span> <span class='ocrx_word' id='word_1_180' title='bbox 1021 1389 1247 1451; x_wconf 73' lang='lat' dir='ltr'>praeceptis</span> <span class='ocrx_word' id='word_1_181' title='bbox 1263 1388 1440 1450; x_wconf 85' lang='lat' dir='ltr'>loquor.</span> <span class='ocrx_word' id='word_1_182' title='bbox 1458 1405 1561 1436; x_wconf 85' lang='lat' dir='ltr'>nam</span> <span class='ocrx_word' id='word_1_183' title='bbox 1587 1387 1646 1434; x_wconf 91' lang='lat' dir='ltr'>de</span> <span class='ocrx_word' id='word_1_184' title='bbox 1662 1389 1880 1452; x_wconf 85' lang='lat' dir='ltr'>permiffis</span> <span class='ocrx_word' id='word_1_185' title='bbox 1898 1391 2048 1437; x_wconf 82' lang='lat' dir='ltr'>distin-</span> 
     </span>
     <span class='ocr_line' id='line_1_19' title="bbox 401 1449 2052 1516; baseline 0.001 -18"><span class='ocrx_word' id='word_1_186' title='bbox 401 1452 514 1498; x_wconf 68' lang='lat' dir='ltr'>Ctius</span> <span class='ocrx_word' id='word_1_187' title='bbox 528 1449 752 1516; x_wconf 77' lang='lat' dir='ltr'>agendum</span> <span class='ocrx_word' id='word_1_188' title='bbox 769 1450 846 1497; x_wconf 87' lang='lat' dir='ltr'>est.</span> <span class='ocrx_word' id='word_1_189' title='bbox 860 1450 1090 1514; x_wconf 80' lang='lat' dir='ltr'>permiffio</span> <span class='ocrx_word' id='word_1_190' title='bbox 1102 1452 1220 1497; x_wconf 88' lang='lat' dir='ltr'>enim</span> <span class='ocrx_word' id='word_1_191' title='bbox 1237 1467 1330 1512; x_wconf 78' lang='lat' dir='ltr'>quae</span> <span class='ocrx_word' id='word_1_192' title='bbox 1345 1451 1443 1516; x_wconf 83' lang='lat' dir='ltr'>lege</span> <span class='ocrx_word' id='word_1_193' title='bbox 1454 1453 1503 1498; x_wconf 85' lang='lat' dir='ltr'>fit</span> <span class='ocrx_word' id='word_1_194' title='bbox 1519 1453 1536 1511; x_wconf 84' lang='lat'><em>(</em></span> <span class='ocrx_word' id='word_1_195' title='bbox 1552 1468 1654 1498; x_wconf 84' lang='lat' dir='ltr'>nam</span> <span class='ocrx_word' id='word_1_196' title='bbox 1672 1468 1766 1514; x_wconf 84' lang='lat' dir='ltr'>quae</span> <span class='ocrx_word' id='word_1_197' title='bbox 1779 1453 1888 1500; x_wconf 88' lang='lat' dir='ltr'>nudi</span> <span class='ocrx_word' id='word_1_198' title='bbox 1903 1453 1963 1499; x_wconf 89' lang='lat' dir='ltr'>est</span> <span class='ocrx_word' id='word_1_199' title='bbox 1982 1453 2052 1500; x_wconf 82' lang='lat' dir='ltr'>fa-</span> 
     </span>
     <span class='ocr_line' id='line_1_20' title="bbox 402 1513 2052 1578; baseline 0 -16"><span class='ocrx_word' id='word_1_200' title='bbox 402 1514 529 1571; x_wconf 60' lang='lat' dir='ltr'>sti&amp;</span> <span class='ocrx_word' id='word_1_201' title='bbox 545 1514 853 1577; x_wconf 76' lang='lat' dir='ltr'><strong>impedimenti</strong></span> <span class='ocrx_word' id='word_1_202' title='bbox 866 1515 1170 1560; x_wconf 81' lang='lat' dir='ltr'>remotionem</span> <span class='ocrx_word' id='word_1_203' title='bbox 1181 1513 1500 1578; x_wconf 74' lang='lat' dir='ltr'>fignificat,lmc</span> <span class='ocrx_word' id='word_1_204' title='bbox 1516 1529 1606 1560; x_wconf 89' lang='lat' dir='ltr'>non</span> <span class='ocrx_word' id='word_1_205' title='bbox 1623 1516 1907 1576; x_wconf 85' lang='lat' dir='ltr'>pertinet)aut</span> <span class='ocrx_word' id='word_1_206' title='bbox 1923 1515 2052 1577; x_wconf 77' lang='lat' dir='ltr'>plena</span> 
     </span>
     <span class='ocr_line' id='line_1_21' title="bbox 401 1576 2049 1642; baseline -0.001 -17"><span class='ocrx_word' id='word_1_207' title='bbox 401 1578 480 1634; x_wconf 83' lang='lat' dir='ltr'>est,</span> <span class='ocrx_word' id='word_1_208' title='bbox 497 1594 590 1639; x_wconf 74' lang='lat' dir='ltr'>quae</span> <span class='ocrx_word' id='word_1_209' title='bbox 604 1581 669 1637; x_wconf 68' lang='lat' dir='ltr'>ius</span> <span class='ocrx_word' id='word_1_210' title='bbox 687 1577 765 1623; x_wconf 81' lang='lat' dir='ltr'>dat</span> <span class='ocrx_word' id='word_1_211' title='bbox 779 1576 836 1623; x_wconf 83' lang='lat' dir='ltr'>ad</span> <span class='ocrx_word' id='word_1_212' title='bbox 853 1576 1024 1639; x_wconf 80' lang='lat' dir='ltr'>aliquid</span> <span class='ocrx_word' id='word_1_213' title='bbox 1040 1578 1228 1622; x_wconf 82' lang='lat' dir='ltr'>omnino</span> <span class='ocrx_word' id='word_1_214' title='bbox 1243 1576 1362 1624; x_wconf 84' lang='lat' dir='ltr'>licite</span> <span class='ocrx_word' id='word_1_215' title='bbox 1380 1577 1603 1642; x_wconf 82' lang='lat' dir='ltr'>agendum</span> <span class='ocrx_word' id='word_1_216' title='bbox 1617 1596 1633 1634; x_wconf 78' lang='lat'>3</span> <span class='ocrx_word' id='word_1_217' title='bbox 1649 1593 1725 1623; x_wconf 87' lang='lat' dir='ltr'>aut</span> <span class='ocrx_word' id='word_1_218' title='bbox 1740 1579 1891 1623; x_wconf 89' lang='lat' dir='ltr'>minor</span> <span class='ocrx_word' id='word_1_219' title='bbox 1904 1578 2049 1639; x_wconf 82' lang='lat' dir='ltr'>plena,</span> 
     </span>
     <span class='ocr_line' id='line_1_22' title="bbox 402 1638 2053 1704; baseline -0.001 -17"><span class='ocrx_word' id='word_1_220' title='bbox 402 1658 495 1704; x_wconf 66' lang='lat' dir='ltr'>qux</span> <span class='ocrx_word' id='word_1_221' title='bbox 513 1655 686 1687; x_wconf 80' lang='lat' dir='ltr'>tantum</span> <span class='ocrx_word' id='word_1_222' title='bbox 703 1642 1017 1702; x_wconf 79' lang='lat' dir='ltr'>impunitatem</span> <span class='ocrx_word' id='word_1_223' title='bbox 1034 1638 1113 1686; x_wconf 80' lang='lat' dir='ltr'>dat</span> <span class='ocrx_word' id='word_1_224' title='bbox 1131 1638 1248 1701; x_wconf 79' lang='lat' dir='ltr'>apud</span> <span class='ocrx_word' id='word_1_225' title='bbox 1265 1640 1470 1687; x_wconf 89' lang='lat' dir='ltr'>homines</span> <span class='ocrx_word' id='word_1_226' title='bbox 1486 1640 1534 1684; x_wconf 68' lang='lat'>8&lt;</span> <span class='ocrx_word' id='word_1_227' title='bbox 1549 1642 1617 1698; x_wconf 88' lang='lat' dir='ltr'>jus</span> <span class='ocrx_word' id='word_1_228' title='bbox 1633 1655 1688 1685; x_wconf 85' lang='lat' dir='ltr'>ne</span> <span class='ocrx_word' id='word_1_229' title='bbox 1703 1640 1798 1702; x_wconf 86' lang='lat' dir='ltr'>quis</span> <span class='ocrx_word' id='word_1_230' title='bbox 1822 1639 1930 1686; x_wconf 88' lang='lat' dir='ltr'>alius</span> <span class='ocrx_word' id='word_1_231' title='bbox 1964 1641 2053 1686; x_wconf 88' lang='lat' dir='ltr'>im-</span> 
     </span>
     <span class='ocr_line' id='line_1_23' title="bbox 402 1699 2051 1767; baseline -0.001 -17"><span class='ocrx_word' id='word_1_232' title='bbox 402 1699 560 1767; x_wconf 80' lang='lat' dir='ltr'>pedire</span> <span class='ocrx_word' id='word_1_233' title='bbox 576 1704 696 1749; x_wconf 83' lang='lat' dir='ltr'>licite</span> <span class='ocrx_word' id='word_1_234' title='bbox 714 1701 863 1766; x_wconf 79' lang='lat' dir='ltr'>poffit.</span> <span class='ocrx_word' id='word_1_235' title='bbox 879 1702 948 1748; x_wconf 83' lang='lat' dir='ltr'>Ex</span> <span class='ocrx_word' id='word_1_236' title='bbox 959 1703 1118 1765; x_wconf 84' lang='lat' dir='ltr'>prioris</span> <span class='ocrx_word' id='word_1_237' title='bbox 1143 1703 1318 1765; x_wconf 76' lang='lat' dir='ltr'>generis</span> <span class='ocrx_word' id='word_1_238' title='bbox 1332 1700 1616 1764; x_wconf 62' lang='lat' dir='ltr'>permissione</span> <span class='ocrx_word' id='word_1_239' title='bbox 1644 1717 1736 1748; x_wconf 89' lang='lat' dir='ltr'>non</span> <span class='ocrx_word' id='word_1_240' title='bbox 1761 1702 1904 1749; x_wconf 89' lang='lat' dir='ltr'>minus</span> <span class='ocrx_word' id='word_1_241' title='bbox 1918 1718 2051 1764; x_wconf 82' lang='lat' dir='ltr'>quarn</span> 
     </span>
     <span class='ocr_line' id='line_1_24' title="bbox 403 1763 2056 1829; baseline -0.001 -18"><span class='ocrx_word' id='word_1_242' title='bbox 403 1782 460 1812; x_wconf 81' lang='lat' dir='ltr'>ex</span> <span class='ocrx_word' id='word_1_243' title='bbox 478 1781 698 1829; x_wconf 76' lang='lat' dir='ltr'>praecepto</span> <span class='ocrx_word' id='word_1_244' title='bbox 717 1764 909 1827; x_wconf 82' lang='lat' dir='ltr'>sequitur</span> <span class='ocrx_word' id='word_1_245' title='bbox 922 1765 971 1811; x_wconf 85' lang='lat' dir='ltr'>id</span> <span class='ocrx_word' id='word_1_246' title='bbox 989 1763 1049 1810; x_wconf 89' lang='lat' dir='ltr'>de</span> <span class='ocrx_word' id='word_1_247' title='bbox 1065 1781 1157 1827; x_wconf 91' lang='lat' dir='ltr'>quo</span> <span class='ocrx_word' id='word_1_248' title='bbox 1170 1766 1243 1811; x_wconf 85' lang='lat' dir='ltr'>lex</span> <span class='ocrx_word' id='word_1_249' title='bbox 1266 1767 1360 1828; x_wconf 76' lang='lat' dir='ltr'>agit</span> <span class='ocrx_word' id='word_1_250' title='bbox 1384 1778 1542 1811; x_wconf 84' lang='lat' dir='ltr'>contra</span> <span class='ocrx_word' id='word_1_251' title='bbox 1561 1765 1630 1823; x_wconf 83' lang='lat' dir='ltr'>jus</span> <span class='ocrx_word' id='word_1_252' title='bbox 1645 1778 1806 1811; x_wconf 84' lang='lat' dir='ltr'>naturae</span> <span class='ocrx_word' id='word_1_253' title='bbox 1823 1780 1910 1810; x_wconf 90' lang='lat' dir='ltr'>non</span> <span class='ocrx_word' id='word_1_254' title='bbox 1936 1764 2018 1811; x_wconf 82' lang='lat' dir='ltr'>effe</span> <span class='ocrx_word' id='word_1_255' title='bbox 2043 1797 2056 1809; x_wconf 95' lang='lat'><em>.</em></span> 
     </span>
     <span class='ocr_line' id='line_1_25' title="bbox 402 1825 2053 1893; baseline -0.003 -16"><span class='ocrx_word' id='word_1_256' title='bbox 402 1827 427 1860; x_wconf 47' lang='grc' dir='ltr'>’Ψ</span> <span class='ocrx_word' id='word_1_257' title='bbox 443 1829 519 1876; x_wconf 90' lang='lat' dir='ltr'>De</span> <span class='ocrx_word' id='word_1_258' title='bbox 569 1828 776 1877; x_wconf 76' lang='lat' dir='ltr'>&#39;osteriori</span> <span class='ocrx_word' id='word_1_259' title='bbox 791 1843 956 1893; x_wconf 83' lang='lat' dir='ltr'>genere</span> <span class='ocrx_word' id='word_1_260' title='bbox 970 1827 1099 1874; x_wconf 84' lang='lat' dir='ltr'>aliter</span> <span class='ocrx_word' id='word_1_261' title='bbox 1111 1828 1154 1874; x_wconf 82' lang='lat' dir='ltr'>se</span> <span class='ocrx_word' id='word_1_262' title='bbox 1171 1843 1241 1874; x_wconf 89' lang='lat' dir='ltr'>res</span> <span class='ocrx_word' id='word_1_263' title='bbox 1258 1827 1412 1874; x_wconf 82' lang='lat' dir='ltr'>habet.</span> <span class='ocrx_word' id='word_1_264' title='bbox 1431 1825 1523 1873; x_wconf 85' lang='lat' dir='ltr'>Sed</span> <span class='ocrx_word' id='word_1_265' title='bbox 1537 1842 1640 1873; x_wconf 85' lang='lat' dir='ltr'>raro</span> <span class='ocrx_word' id='word_1_266' title='bbox 1656 1826 1807 1873; x_wconf 87' lang='lat' dir='ltr'>locum</span> <span class='ocrx_word' id='word_1_267' title='bbox 1823 1825 1957 1872; x_wconf 83' lang='lat' dir='ltr'>habet</span> <span class='ocrx_word' id='word_1_268' title='bbox 1969 1827 2053 1885; x_wconf 74' lang='lat' dir='ltr'>hee</span> 
     </span>
     <span class='ocr_line' id='line_1_26' title="bbox 402 1846 2053 1954; baseline -0.003 -15"><span class='ocrx_word' id='word_1_269' title='bbox 402 1846 613 1939; x_wconf 49' lang='lat' dir='ltr'>colleeliio</span> <span class='ocrx_word' id='word_1_270' title='bbox 641 1893 769 1953; x_wconf 85' lang='lat' dir='ltr'>:quia</span> <span class='ocrx_word' id='word_1_271' title='bbox 787 1907 889 1937; x_wconf 87' lang='lat' dir='ltr'>cum</span> <span class='ocrx_word' id='word_1_272' title='bbox 908 1891 1208 1954; x_wconf 84' lang='lat' dir='ltr'>permittentia</span> <span class='ocrx_word' id='word_1_273' title='bbox 1229 1888 1363 1937; x_wconf 86' lang='lat' dir='ltr'>verba</span> <span class='ocrx_word' id='word_1_274' title='bbox 1378 1890 1460 1936; x_wconf 68' lang='lat' dir='ltr'>sint</span> <span class='ocrx_word' id='word_1_275' title='bbox 1472 1888 1681 1952; x_wconf 80' lang='lat' dir='ltr'>ambigua</span> <span class='ocrx_word' id='word_1_276' title='bbox 1698 1928 1709 1945; x_wconf 90' lang='lat'>‚</span> <span class='ocrx_word' id='word_1_277' title='bbox 1728 1890 1871 1948; x_wconf 69' lang='lat' dir='ltr'>magis</span> <span class='ocrx_word' id='word_1_278' title='bbox 1883 1904 1940 1935; x_wconf 89' lang='lat' dir='ltr'>ex</span> <span class='ocrx_word' id='word_1_279' title='bbox 1954 1890 2053 1949; x_wconf 86' lang='lat' dir='ltr'>jure</span> 
     </span>
     <span class='ocr_line' id='line_1_27' title="bbox 402 1952 2053 2017; baseline -0.004 -14"><span class='ocrx_word' id='word_1_280' title='bbox 402 1970 567 2003; x_wconf 75' lang='lat' dir='ltr'>naturae</span> <span class='ocrx_word' id='word_1_281' title='bbox 582 1956 864 2017; x_wconf 83' lang='lat' dir='ltr'>interpretari</span> <span class='ocrx_word' id='word_1_282' title='bbox 879 1970 960 2001; x_wconf 90' lang='lat' dir='ltr'>nos</span> <span class='ocrx_word' id='word_1_283' title='bbox 975 1954 1187 2001; x_wconf 83' lang='lat' dir='ltr'>convenit</span> <span class='ocrx_word' id='word_1_284' title='bbox 1204 1954 1343 2000; x_wconf 87' lang='lat' dir='ltr'>utrius</span> <span class='ocrx_word' id='word_1_285' title='bbox 1360 1953 1532 2016; x_wconf 81' lang='lat' dir='ltr'>generis</span> <span class='ocrx_word' id='word_1_286' title='bbox 1563 1952 1616 1999; x_wconf 85' lang='lat' dir='ltr'>fit</span> <span class='ocrx_word' id='word_1_287' title='bbox 1633 1952 1861 2014; x_wconf 83' lang='lat' dir='ltr'>permiffio</span> <span class='ocrx_word' id='word_1_288' title='bbox 1875 1989 1885 2007; x_wconf 83' lang='lat'><em>,</em></span> <span class='ocrx_word' id='word_1_289' title='bbox 1948 1966 2053 1996; x_wconf 84' lang='lat' dir='ltr'>uam</span> 
     </span>
     <span class='ocr_line' id='line_1_28' title="bbox 403 2013 2052 2081; baseline -0.004 -16"><span class='ocrx_word' id='word_1_290' title='bbox 403 2033 462 2065; x_wconf 82' lang='lat' dir='ltr'>ex</span> <span class='ocrx_word' id='word_1_291' title='bbox 477 2017 774 2081; x_wconf 70' lang='lat' dir='ltr'>permistionis</span> <span class='ocrx_word' id='word_1_292' title='bbox 786 2016 933 2063; x_wconf 88' lang='lat' dir='ltr'>modo</span> <span class='ocrx_word' id='word_1_293' title='bbox 953 2017 1007 2064; x_wconf 80' lang='lat' dir='ltr'>ad</span> <span class='ocrx_word' id='word_1_294' title='bbox 1022 2018 1090 2076; x_wconf 83' lang='lat' dir='ltr'>jus</span> <span class='ocrx_word' id='word_1_295' title='bbox 1108 2031 1271 2063; x_wconf 79' lang='lat' dir='ltr'>naturae</span> <span class='ocrx_word' id='word_1_296' title='bbox 1284 2013 1641 2080; x_wconf 81' lang='lat' dir='ltr'>argumentando</span> <span class='ocrx_word' id='word_1_297' title='bbox 1657 2013 1920 2077; x_wconf 85' lang='lat' dir='ltr'>procedere.</span> <span class='ocrx_word' id='word_1_298' title='bbox 1983 2014 2052 2059; x_wconf 90' lang='lat' dir='ltr'>uic</span> 
     </span>
     <span class='ocr_line' id='line_1_29' title="bbox 403 2076 2053 2144; baseline -0.004 -17"><span class='ocrx_word' id='word_1_299' title='bbox 403 2083 557 2144; x_wconf 83' lang='lat' dir='ltr'>primae</span> <span class='ocrx_word' id='word_1_300' title='bbox 569 2079 872 2128; x_wconf 82' lang='lat' dir='ltr'>observationi</span> <span class='ocrx_word' id='word_1_301' title='bbox 892 2080 1033 2127; x_wconf 88' lang='lat' dir='ltr'>affinis</span> <span class='ocrx_word' id='word_1_302' title='bbox 1044 2079 1106 2126; x_wconf 88' lang='lat' dir='ltr'>est</span> <span class='ocrx_word' id='word_1_303' title='bbox 1121 2078 1274 2135; x_wconf 84' lang='lat' dir='ltr'>altera,</span> <span class='ocrx_word' id='word_1_304' title='bbox 1289 2079 1424 2125; x_wconf 88' lang='lat' dir='ltr'>licere</span> <span class='ocrx_word' id='word_1_305' title='bbox 1440 2093 1551 2124; x_wconf 89' lang='lat' dir='ltr'>nunc</span> <span class='ocrx_word' id='word_1_306' title='bbox 1561 2078 1626 2123; x_wconf 91' lang='lat' dir='ltr'>his</span> <span class='ocrx_word' id='word_1_307' title='bbox 1644 2079 1718 2140; x_wconf 90' lang='lat' dir='ltr'>qui</span> <span class='ocrx_word' id='word_1_308' title='bbox 1732 2077 1968 2139; x_wconf 85' lang='lat' dir='ltr'>imperium</span> <span class='ocrx_word' id='word_1_309' title='bbox 1985 2076 2053 2120; x_wconf 91' lang='lat' dir='ltr'>in-</span> 
     </span>
     <span class='ocr_line' id='line_1_30' title="bbox 404 2138 2051 2206; baseline -0.005 -15"><span class='ocrx_word' id='word_1_310' title='bbox 404 2158 475 2191; x_wconf 87' lang='lat' dir='ltr'>ter</span> <span class='ocrx_word' id='word_1_311' title='bbox 496 2143 776 2191; x_wconf 79' lang='lat' dir='ltr'>Christianos</span> <span class='ocrx_word' id='word_1_312' title='bbox 788 2142 993 2190; x_wconf 81' lang='lat' dir='ltr'>obtinent</span> <span class='ocrx_word' id='word_1_313' title='bbox 1004 2181 1016 2198; x_wconf 87' lang='lat'>,</span> <span class='ocrx_word' id='word_1_314' title='bbox 1058 2143 1178 2206; x_wconf 77' lang='lat' dir='ltr'>leges</span> <span class='ocrx_word' id='word_1_315' title='bbox 1189 2140 1309 2188; x_wconf 87' lang='lat' dir='ltr'>ferre</span> <span class='ocrx_word' id='word_1_316' title='bbox 1321 2144 1414 2200; x_wconf 81' lang='lat' dir='ltr'>ejus</span> <span class='ocrx_word' id='word_1_317' title='bbox 1428 2139 1575 2187; x_wconf 87' lang='lat' dir='ltr'>sensus</span> <span class='ocrx_word' id='word_1_318' title='bbox 1587 2142 1708 2196; x_wconf 78' lang='lat' dir='ltr'>cujus</span> <span class='ocrx_word' id='word_1_319' title='bbox 1727 2139 1823 2186; x_wconf 84' lang='lat' dir='ltr'>sunt</span> <span class='ocrx_word' id='word_1_320' title='bbox 1840 2138 1959 2201; x_wconf 83' lang='lat' dir='ltr'>leges</span> <span class='ocrx_word' id='word_1_321' title='bbox 1972 2138 2051 2199; x_wconf 85' lang='lat' dir='ltr'>per</span> 
     </span>
     <span class='ocr_line' id='line_1_31' title="bbox 403 2200 2052 2270; baseline -0.005 -16"><span class='ocrx_word' id='word_1_322' title='bbox 403 2206 588 2254; x_wconf 86' lang='lat' dir='ltr'>Mosem</span> <span class='ocrx_word' id='word_1_323' title='bbox 608 2207 734 2256; x_wconf 50' lang='lat' dir='ltr'>datan</span> <span class='ocrx_word' id='word_1_324' title='bbox 750 2205 825 2252; x_wconf 78' lang='lat' dir='ltr'>nisi</span> <span class='ocrx_word' id='word_1_325' title='bbox 840 2206 868 2252; x_wconf 81' lang='lat' dir='ltr'>fi</span> <span class='ocrx_word' id='word_1_326' title='bbox 882 2222 975 2270; x_wconf 83' lang='lat' dir='ltr'>quae</span> <span class='ocrx_word' id='word_1_327' title='bbox 989 2206 1070 2253; x_wconf 80' lang='lat' dir='ltr'>sint</span> <span class='ocrx_word' id='word_1_328' title='bbox 1080 2205 1203 2270; x_wconf 79' lang='lat' dir='ltr'>leges</span> <span class='ocrx_word' id='word_1_329' title='bbox 1218 2243 1228 2262; x_wconf 90' lang='lat'><strong>,</strong></span> <span class='ocrx_word' id='word_1_330' title='bbox 1247 2219 1437 2266; x_wconf 88' lang='lat' dir='ltr'>quarum</span> <span class='ocrx_word' id='word_1_331' title='bbox 1455 2217 1555 2249; x_wconf 91' lang='lat' dir='ltr'>tota</span> <span class='ocrx_word' id='word_1_332' title='bbox 1571 2200 1794 2248; x_wconf 83' lang='lat' dir='ltr'>substantia</span> <span class='ocrx_word' id='word_1_333' title='bbox 1806 2200 1862 2248; x_wconf 86' lang='lat' dir='ltr'>ad</span> <span class='ocrx_word' id='word_1_334' title='bbox 1877 2215 2052 2261; x_wconf 76' lang='lat' dir='ltr'>tempus</span> 
     </span>
     <span class='ocr_line' id='line_1_32' title="bbox 404 2260 2052 2333; baseline -0.004 -19"><span class='ocrx_word' id='word_1_335' title='bbox 404 2267 574 2315; x_wconf 85' lang='lat' dir='ltr'>Christi</span> <span class='ocrx_word' id='word_1_336' title='bbox 592 2268 832 2332; x_wconf 68' lang='lat' dir='ltr'>exspectati</span> <span class='ocrx_word' id='word_1_337' title='bbox 859 2270 907 2314; x_wconf 86' lang='lat'>&amp;</span> <span class='ocrx_word' id='word_1_338' title='bbox 920 2269 1156 2333; x_wconf 79' lang='lat' dir='ltr'>Euangelii</span> <span class='ocrx_word' id='word_1_339' title='bbox 1173 2267 1376 2316; x_wconf 90' lang='lat' dir='ltr'>nondum</span> <span class='ocrx_word' id='word_1_340' title='bbox 1393 2265 1583 2313; x_wconf 89' lang='lat' dir='ltr'>revelati</span> <span class='ocrx_word' id='word_1_341' title='bbox 1598 2266 1817 2327; x_wconf 86' lang='lat' dir='ltr'>pertineat</span> <span class='ocrx_word' id='word_1_342' title='bbox 1837 2301 1848 2319; x_wconf 92' lang='lat'><strong>‚</strong></span> <span class='ocrx_word' id='word_1_343' title='bbox 1883 2277 1958 2308; x_wconf 87' lang='lat' dir='ltr'>aut</span> <span class='ocrx_word' id='word_1_344' title='bbox 1976 2260 2052 2330; x_wconf 75' lang='lat' dir='ltr'>nist</span> 
     </span>
     <span class='ocr_line' id='line_1_33' title="bbox 406 2324 2053 2394; baseline -0.007 -14"><span class='ocrx_word' id='word_1_345' title='bbox 406 2329 608 2380; x_wconf 82' lang='lat' dir='ltr'>Christus</span> <span class='ocrx_word' id='word_1_346' title='bbox 626 2330 717 2392; x_wconf 82' lang='lat' dir='ltr'>ipse</span> <span class='ocrx_word' id='word_1_347' title='bbox 749 2333 1028 2379; x_wconf 79' lang='lat' dir='ltr'>contrarium</span> <span class='ocrx_word' id='word_1_348' title='bbox 1059 2332 1209 2380; x_wconf 75' lang='lat' dir='ltr'>autin</span> <span class='ocrx_word' id='word_1_349' title='bbox 1238 2343 1405 2394; x_wconf 83' lang='lat' dir='ltr'>genere</span> <span class='ocrx_word' id='word_1_350' title='bbox 1435 2342 1509 2374; x_wconf 81' lang='lat' dir='ltr'>aut</span> <span class='ocrx_word' id='word_1_351' title='bbox 1534 2328 1579 2373; x_wconf 83' lang='lat' dir='ltr'>in</span> <span class='ocrx_word' id='word_1_352' title='bbox 1605 2326 1748 2390; x_wconf 87' lang='lat' dir='ltr'>specie</span> <span class='ocrx_word' id='word_1_353' title='bbox 1765 2324 2053 2372; x_wconf 81' lang='lat' dir='ltr'>constituerit.</span> 
     </span>
     <span class='ocr_line' id='line_1_34' title="bbox 404 2383 2052 2457; baseline -0.007 -16"><span class='ocrx_word' id='word_1_354' title='bbox 404 2392 533 2441; x_wconf 85' lang='lat' dir='ltr'>Nam</span> <span class='ocrx_word' id='word_1_355' title='bbox 550 2395 617 2440; x_wconf 87' lang='lat' dir='ltr'>his</span> <span class='ocrx_word' id='word_1_356' title='bbox 625 2393 767 2440; x_wconf 83' lang='lat' dir='ltr'>tribus</span> <span class='ocrx_word' id='word_1_357' title='bbox 777 2393 915 2440; x_wconf 80' lang='lat' dir='ltr'>caufis</span> <span class='ocrx_word' id='word_1_358' title='bbox 931 2393 1261 2457; x_wconf 74' lang='lat' dir='ltr'>demptis-nulla</span> <span class='ocrx_word' id='word_1_359' title='bbox 1278 2391 1422 2456; x_wconf 83' lang='lat' dir='ltr'>potest</span> <span class='ocrx_word' id='word_1_360' title='bbox 1436 2391 1519 2438; x_wconf 80' lang='lat' dir='ltr'>alia</span> <span class='ocrx_word' id='word_1_361' title='bbox 1533 2390 1780 2451; x_wconf 77' lang='lat' dir='ltr'>excogitati</span> <span class='ocrx_word' id='word_1_362' title='bbox 1794 2426 1805 2444; x_wconf 85' lang='lat'>‚</span> <span class='ocrx_word' id='word_1_363' title='bbox 1832 2402 1910 2433; x_wconf 87' lang='lat' dir='ltr'>cur</span> <span class='ocrx_word' id='word_1_364' title='bbox 1926 2383 2052 2454; x_wconf 33' lang='lat' dir='ltr'>quo-d-</span> 
     </span>
     <span class='ocr_line' id='line_1_35' title="bbox 404 2447 2052 2521; baseline -0.005 -19"><span class='ocrx_word' id='word_1_365' title='bbox 404 2456 520 2502; x_wconf 88' lang='lat' dir='ltr'>olim</span> <span class='ocrx_word' id='word_1_366' title='bbox 538 2456 678 2502; x_wconf 86' lang='lat' dir='ltr'>Mofis</span> <span class='ocrx_word' id='word_1_367' title='bbox 688 2457 787 2521; x_wconf 75' lang='lat' dir='ltr'>lege</span> <span class='ocrx_word' id='word_1_368' title='bbox 798 2455 886 2502; x_wconf 87' lang='lat' dir='ltr'>fuit</span> <span class='ocrx_word' id='word_1_369' title='bbox 901 2456 1190 2511; x_wconf 81' lang='lat' dir='ltr'>constitutum</span> <span class='ocrx_word' id='word_1_370' title='bbox 1204 2471 1317 2503; x_wconf 88' lang='lat' dir='ltr'>nunc</span> <span class='ocrx_word' id='word_1_371' title='bbox 1331 2454 1382 2501; x_wconf 85' lang='lat' dir='ltr'>fit</span> <span class='ocrx_word' id='word_1_372' title='bbox 1395 2467 1520 2500; x_wconf 85' lang='lat' dir='ltr'>extra</span> <span class='ocrx_word' id='word_1_373' title='bbox 1531 2468 1583 2499; x_wconf 87' lang='lat' dir='ltr'>ea</span> <span class='ocrx_word' id='word_1_374' title='bbox 1610 2468 1703 2513; x_wconf 85' lang='lat' dir='ltr'>quae</span> <span class='ocrx_word' id='word_1_375' title='bbox 1715 2452 1860 2497; x_wconf 85' lang='lat' dir='ltr'>licent.</span> <span class='ocrx_word' id='word_1_376' title='bbox 1895 2447 2052 2516; x_wconf 77' lang='lat' dir='ltr'>Tertia</span> 
     </span>
     <span class='ocr_line' id='line_1_36' title="bbox 405 2508 2053 2581; baseline -0.007 -16"><span class='ocrx_word' id='word_1_377' title='bbox 405 2517 666 2566; x_wconf 82' lang='lat' dir='ltr'>observatio</span> <span class='ocrx_word' id='word_1_378' title='bbox 681 2520 773 2565; x_wconf 81' lang='lat' dir='ltr'>haec</span> <span class='ocrx_word' id='word_1_379' title='bbox 788 2518 840 2565; x_wconf 83' lang='lat' dir='ltr'>fit</span> <span class='ocrx_word' id='word_1_380' title='bbox 857 2533 868 2564; x_wconf 76' lang='grc' dir='ltr'><em>ε</em></span> <span class='ocrx_word' id='word_1_381' title='bbox 883 2519 1102 2581; x_wconf 87' lang='lat' dir='ltr'>quicquid</span> <span class='ocrx_word' id='word_1_382' title='bbox 1117 2518 1177 2566; x_wconf 89' lang='lat' dir='ltr'>ad</span> <span class='ocrx_word' id='word_1_383' title='bbox 1188 2533 1263 2565; x_wconf 84' lang='lat' dir='ltr'>eas</span> <span class='ocrx_word' id='word_1_384' title='bbox 1281 2519 1471 2565; x_wconf 87' lang='lat' dir='ltr'>virtutes</span> <span class='ocrx_word' id='word_1_385' title='bbox 1487 2515 1709 2578; x_wconf 81' lang='lat' dir='ltr'>pertinens</span> <span class='ocrx_word' id='word_1_386' title='bbox 1720 2529 1825 2576; x_wconf 82' lang='lat' dir='ltr'>quas</span> <span class='ocrx_word' id='word_1_387' title='bbox 1851 2508 2053 2580; x_wconf 66' lang='lat' dir='ltr'>Christus</span> 
     </span>
     <span class='ocr_line' id='line_1_37' title="bbox 405 2576 2052 2644; baseline -0.009 -15"><span class='ocrx_word' id='word_1_388' title='bbox 405 2584 433 2629; x_wconf 64' lang='grc' dir='ltr'>ὲ</span> <span class='ocrx_word' id='word_1_389' title='bbox 451 2579 531 2628; x_wconf 79' lang='lat' dir='ltr'>suis</span> <span class='ocrx_word' id='word_1_390' title='bbox 549 2581 766 2644; x_wconf 79' lang='lat' dir='ltr'>discipulis</span> <span class='ocrx_word' id='word_1_391' title='bbox 779 2582 849 2627; x_wconf 82' lang='lat' dir='ltr'>exi</span> <span class='ocrx_word' id='word_1_392' title='bbox 887 2581 1050 2643; x_wconf 86' lang='lat' dir='ltr'>it,lege</span> <span class='ocrx_word' id='word_1_393' title='bbox 1063 2580 1210 2628; x_wconf 84' lang='lat' dir='ltr'>Mofis</span> <span class='ocrx_word' id='word_1_394' title='bbox 1225 2594 1495 2644; x_wconf 78' lang='lat' dir='ltr'>praeceptum</span> <span class='ocrx_word' id='word_1_395' title='bbox 1513 2577 1584 2626; x_wconf 90' lang='lat' dir='ltr'>est,</span> <span class='ocrx_word' id='word_1_396' title='bbox 1603 2576 1690 2623; x_wconf 87' lang='lat' dir='ltr'>*id</span> <span class='ocrx_word' id='word_1_397' title='bbox 1707 2591 1818 2620; x_wconf 89' lang='lat' dir='ltr'>nunc</span> <span class='ocrx_word' id='word_1_398' title='bbox 1836 2588 1968 2642; x_wconf 66' lang='lat' dir='ltr'>etiam</span> <span class='ocrx_word' id='word_1_399' title='bbox 1989 2609 1999 2625; x_wconf 88' lang='lat'>‚</span> <span class='ocrx_word' id='word_1_400' title='bbox 2021 2578 2052 2616; x_wconf 72' lang='grc' dir='ltr'>ιι</span> 
     </span>
     <span class='ocr_line' id='line_1_38' title="bbox 405 2595 2054 2707; baseline -0.006 -18"><span class='ocrx_word' id='word_1_401' title='bbox 405 2659 497 2699; x_wconf 85' lang='lat' dir='ltr'>non</span> <span class='ocrx_word' id='word_1_402' title='bbox 514 2645 562 2689; x_wconf 85' lang='lat'>&amp;</span> <span class='ocrx_word' id='word_1_403' title='bbox 576 2644 778 2707; x_wconf 84' lang='lat' dir='ltr'>amplius,</span> <span class='ocrx_word' id='word_1_404' title='bbox 796 2647 824 2691; x_wconf 70' lang='grc' dir='ltr'>ἐι</span> <span class='ocrx_word' id='word_1_405' title='bbox 841 2595 1103 2692; x_wconf 59' lang='grc' dir='ltr'>ἔὴῑίἱὶὶειηίς</span> <span class='ocrx_word' id='word_1_406' title='bbox 1113 2640 1414 2707; x_wconf 69' lang='lat' dir='ltr'>praestandum.</span> <span class='ocrx_word' id='word_1_407' title='bbox 1443 2638 1794 2687; x_wconf 85' lang='lat' dir='ltr'>Fundamentum</span> <span class='ocrx_word' id='word_1_408' title='bbox 1827 2637 1953 2695; x_wconf 72' lang='lat' dir='ltr'>hujus</span> <span class='ocrx_word' id='word_1_409' title='bbox 1968 2633 2054 2702; x_wconf 76' lang='lat' dir='ltr'>ob-</span> 
     </span>
     <span class='ocr_line' id='line_1_39' title="bbox 404 2694 2054 2769; baseline -0.01 -15"><span class='ocrx_word' id='word_1_410' title='bbox 404 2706 668 2754; x_wconf 80' lang='lat' dir='ltr'>servationis</span> <span class='ocrx_word' id='word_1_411' title='bbox 683 2706 756 2762; x_wconf 87' lang='lat' dir='ltr'>est,</span> <span class='ocrx_word' id='word_1_412' title='bbox 777 2707 904 2768; x_wconf 88' lang='lat' dir='ltr'>quod</span> <span class='ocrx_word' id='word_1_413' title='bbox 920 2722 1015 2769; x_wconf 85' lang='lat' dir='ltr'>quae</span> <span class='ocrx_word' id='word_1_414' title='bbox 1026 2707 1217 2753; x_wconf 88' lang='lat' dir='ltr'>virtutes</span> <span class='ocrx_word' id='word_1_415' title='bbox 1231 2709 1257 2752; x_wconf 63' lang='grc' dir='ltr'>ὲ</span> <span class='ocrx_word' id='word_1_416' title='bbox 1272 2701 1530 2751; x_wconf 87' lang='lat' dir='ltr'>Christianis</span> <span class='ocrx_word' id='word_1_417' title='bbox 1544 2702 1793 2763; x_wconf 76' lang='lat' dir='ltr'>exiguntur.</span> <span class='ocrx_word' id='word_1_418' title='bbox 1813 2713 1861 2744; x_wconf 89' lang='lat' dir='ltr'>ut</span> <span class='ocrx_word' id='word_1_419' title='bbox 1880 2694 2054 2765; x_wconf 69' lang='lat' dir='ltr'>humili-</span> 
     </span>
     <span class='ocr_line' id='line_1_40' title="bbox 406 2758 2053 2834; baseline -0.008 -18"><span class='ocrx_word' id='word_1_420' title='bbox 406 2783 491 2823; x_wconf 83' lang='lat' dir='ltr'>tas,</span> <span class='ocrx_word' id='word_1_421' title='bbox 506 2770 730 2831; x_wconf 82' lang='lat' dir='ltr'>patientia,</span> <span class='ocrx_word' id='word_1_422' title='bbox 745 2768 944 2825; x_wconf 65' lang='lat' dir='ltr'>dilectio,</span> <span class='ocrx_word' id='word_1_423' title='bbox 964 2767 1205 2834; x_wconf 83' lang='lat' dir='ltr'>exiguntur</span> <span class='ocrx_word' id='word_1_424' title='bbox 1217 2767 1303 2813; x_wconf 88' lang='lat' dir='ltr'>*in</span> <span class='ocrx_word' id='word_1_425' title='bbox 1319 2768 1495 2824; x_wconf 86' lang='lat' dir='ltr'>majore</span> <span class='ocrx_word' id='word_1_426' title='bbox 1509 2764 1650 2827; x_wconf 77' lang='lat' dir='ltr'>gradu</span> <span class='ocrx_word' id='word_1_427' title='bbox 1667 2777 1799 2830; x_wconf 78' lang='lat' dir='ltr'>quam</span> <span class='ocrx_word' id='word_1_428' title='bbox 1816 2761 1925 2806; x_wconf 79' lang='lat' dir='ltr'>statu</span> <span class='ocrx_word' id='word_1_429' title='bbox 1943 2758 2053 2817; x_wconf 62' lang='lat' dir='ltr'>legis</span> 
     </span>
     <span class='ocr_line' id='line_1_41' title="bbox 405 2820 2050 2896; baseline -0.01 -16"><span class='ocrx_word' id='word_1_430' title='bbox 405 2831 638 2880; x_wconf 77' lang='lat' dir='ltr'>Hebraicae</span> <span class='ocrx_word' id='word_1_431' title='bbox 648 2831 955 2896; x_wconf 82' lang='lat' dir='ltr'>exigebantur:</span> <span class='ocrx_word' id='word_1_432' title='bbox 975 2830 1114 2894; x_wconf 88' lang='lat' dir='ltr'>idque</span> <span class='ocrx_word' id='word_1_433' title='bbox 1125 2831 1291 2876; x_wconf 88' lang='lat' dir='ltr'>merito</span> <span class='ocrx_word' id='word_1_434' title='bbox 1296 2848 1313 2887; x_wconf 81' lang='lat'>3</span> <span class='ocrx_word' id='word_1_435' title='bbox 1329 2830 1430 2891; x_wconf 87' lang='lat' dir='ltr'>quia</span> <span class='ocrx_word' id='word_1_436' title='bbox 1445 2829 1579 2873; x_wconf 87' lang='lat' dir='ltr'>etiam</span> <span class='ocrx_word' id='word_1_437' title='bbox 1600 2825 1782 2886; x_wconf 79' lang='lat' dir='ltr'>promisi</span> <span class='ocrx_word' id='word_1_438' title='bbox 1787 2838 1910 2868; x_wconf 81' lang='lat' dir='ltr'>iones</span> <span class='ocrx_word' id='word_1_439' title='bbox 1924 2820 2050 2865; x_wconf 76' lang='lat' dir='ltr'>coele-</span> 
     </span>
     <span class='ocr_line' id='line_1_42' title="bbox 406 2886 2052 2959; baseline -0.01 -17"><span class='ocrx_word' id='word_1_440' title='bbox 406 2893 492 2943; x_wconf 78' lang='lat' dir='ltr'>stes</span> <span class='ocrx_word' id='word_1_441' title='bbox 510 2896 557 2940; x_wconf 89' lang='lat' dir='ltr'>in</span> <span class='ocrx_word' id='word_1_442' title='bbox 572 2892 814 2959; x_wconf 82' lang='lat' dir='ltr'>Euangelio</span> <span class='ocrx_word' id='word_1_443' title='bbox 833 2896 979 2942; x_wconf 88' lang='lat' dir='ltr'>multo</span> <span class='ocrx_word' id='word_1_444' title='bbox 998 2892 1159 2941; x_wconf 80' lang='lat' dir='ltr'>clarius</span> <span class='ocrx_word' id='word_1_445' title='bbox 1176 2904 1498 2953; x_wconf 80' lang='lat' dir='ltr'>proponuntur.</span> <span class='ocrx_word' id='word_1_446' title='bbox 1542 2887 1660 2933; x_wconf 89' lang='lat' dir='ltr'>Hinc</span> <span class='ocrx_word' id='word_1_447' title='bbox 1691 2886 1763 2930; x_wconf 86' lang='lat' dir='ltr'>lex</span> <span class='ocrx_word' id='word_1_448' title='bbox 1785 2898 1908 2929; x_wconf 79' lang='lat' dir='ltr'>vetus</span> <span class='ocrx_word' id='word_1_449' title='bbox 1927 2896 2052 2927; x_wconf 86' lang='lat' dir='ltr'>com-</span> 
     </span>
     <span class='ocr_line' id='line_1_43' title="bbox 405 2941 2056 3021; baseline -0.008 -17"><span class='ocrx_word' id='word_1_450' title='bbox 405 2959 642 3021; x_wconf 78' lang='lat' dir='ltr'>paratione</span> <span class='ocrx_word' id='word_1_451' title='bbox 655 2957 884 3021; x_wconf 72' lang='lat' dir='ltr'>Euangelii</span> <span class='ocrx_word' id='word_1_452' title='bbox 901 2958 1066 3004; x_wconf 84' lang='lat' dir='ltr'>dicitur</span> <span class='ocrx_word' id='word_1_453' title='bbox 1081 2953 1206 3004; x_wconf 73' lang='lat' dir='ltr'>fuisse</span> <span class='ocrx_word' id='word_1_454' title='bbox 1220 2950 1524 3015; x_wconf 65' lang='lat' dir='ltr'>necperfeeta,</span> <span class='ocrx_word' id='word_1_455' title='bbox 1543 2965 1620 2994; x_wconf 89' lang='lat' dir='ltr'>nec</span> <span class='ocrx_word' id='word_1_456' title='bbox 1634 2945 1866 3001; x_wconf 58' lang='lat' dir='ltr'>oi&#39;pcspez-r&amp;</span> <span class='ocrx_word' id='word_1_457' title='bbox 1886 2983 1897 2999; x_wconf 92' lang='lat'>,</span> <span class='ocrx_word' id='word_1_458' title='bbox 1910 2941 2056 2988; x_wconf 78' lang='lat' dir='ltr'>Hebr-</span> 
     </span>
     <span class='ocr_line' id='line_1_44' title="bbox 407 3007 2055 3080; baseline -0.008 -13"><span class='ocrx_word' id='word_1_459' title='bbox 407 3036 466 3068; x_wconf 76' lang='lat' dir='ltr'>vl</span> <span class='ocrx_word' id='word_1_460' title='bbox 479 3036 518 3075; x_wconf 85' lang='lat'>1,</span> <span class='ocrx_word' id='word_1_461' title='bbox 541 3012 616 3077; x_wconf 49' lang='lat'>19‘.</span> <span class='ocrx_word' id='word_1_462' title='bbox 628 3035 716 3065; x_wconf 79' lang='lat' dir='ltr'>vu</span> <span class='ocrx_word' id='word_1_463' title='bbox 728 3035 821 3076; x_wconf 85' lang='lat'>1,7.</span> <span class='ocrx_word' id='word_1_464' title='bbox 837 3021 1005 3080; x_wconf 70' lang='lat' dir='ltr'>&amp;legis</span> <span class='ocrx_word' id='word_1_465' title='bbox 1030 3019 1124 3065; x_wconf 86' lang='lat' dir='ltr'>finis</span> <span class='ocrx_word' id='word_1_466' title='bbox 1146 3016 1311 3064; x_wconf 86' lang='lat' dir='ltr'>dicitur</span> <span class='ocrx_word' id='word_1_467' title='bbox 1332 3010 1734 3061; x_wconf 85' lang='lat' dir='ltr'>Christus‚Rom.x,</span> <span class='ocrx_word' id='word_1_468' title='bbox 1757 3023 1799 3066; x_wconf 80' lang='grc' dir='ltr'>ς.</span> <span class='ocrx_word' id='word_1_469' title='bbox 1818 3007 1889 3051; x_wconf 85' lang='lat' dir='ltr'>lex</span> <span class='ocrx_word' id='word_1_470' title='bbox 1906 3019 2055 3050; x_wconf 77' lang='lat' dir='ltr'>autem</span> 
     </span>
     <span class='ocr_line' id='line_1_45' title="bbox 406 3067 2056 3143; baseline -0.012 -14"><span class='ocrx_word' id='word_1_471' title='bbox 406 3081 720 3129; x_wconf 49' lang='lat' dir='ltr'>manuducit&amp;</span> <span class='ocrx_word' id='word_1_472' title='bbox 734 3082 792 3129; x_wconf 88' lang='lat' dir='ltr'>ad</span> <span class='ocrx_word' id='word_1_473' title='bbox 809 3081 1056 3137; x_wconf 82' lang='lat' dir='ltr'>Christum,</span> <span class='ocrx_word' id='word_1_474' title='bbox 1074 3074 1176 3129; x_wconf 84' lang='lat' dir='ltr'><strong>Gal.</strong></span> <span class='ocrx_word' id='word_1_475' title='bbox 1196 3096 1216 3126; x_wconf 92' lang='lat'>1</span> <span class='ocrx_word' id='word_1_476' title='bbox 1228 3096 1247 3126; x_wconf 94' lang='lat'>1</span> <span class='ocrx_word' id='word_1_477' title='bbox 1259 3096 1278 3124; x_wconf 92' lang='lat'>1</span> <span class='ocrx_word' id='word_1_478' title='bbox 1291 3116 1300 3129; x_wconf 92' lang='lat'><em>,</em></span> <span class='ocrx_word' id='word_1_479' title='bbox 1317 3089 1393 3137; x_wconf 80' lang='lat'>25.</span> <span class='ocrx_word' id='word_1_480' title='bbox 1414 3074 1487 3120; x_wconf 82' lang='lat' dir='ltr'>Sic</span> <span class='ocrx_word' id='word_1_481' title='bbox 1507 3073 1579 3143; x_wconf 71' lang='lat' dir='ltr'>lex</span> <span class='ocrx_word' id='word_1_482' title='bbox 1596 3087 1720 3142; x_wconf 70' lang='lat' dir='ltr'>vetus</span> <span class='ocrx_word' id='word_1_483' title='bbox 1736 3070 1794 3115; x_wconf 90' lang='lat' dir='ltr'>de</span> <span class='ocrx_word' id='word_1_484' title='bbox 1813 3067 1994 3137; x_wconf 71' lang='lat' dir='ltr'>sabbato</span> <span class='ocrx_word' id='word_1_485' title='bbox 2007 3067 2056 3110; x_wconf 77' lang='grc' dir='ltr'>δε</span> 
     </span>
     <span class='ocr_line' id='line_1_46' title="bbox 407 3126 2060 3197; baseline -0.013 -5"><span class='ocrx_word' id='word_1_486' title='bbox 407 3145 436 3192; x_wconf 61' lang='lat' dir='ltr'>&#39;ff‘</span> <span class='ocrx_word' id='word_1_487' title='bbox 455 3146 597 3192; x_wconf 72' lang='lat' dir='ltr'>aitera</span> <span class='ocrx_word' id='word_1_488' title='bbox 610 3143 669 3191; x_wconf 85' lang='lat' dir='ltr'>de</span> <span class='ocrx_word' id='word_1_489' title='bbox 680 3146 866 3191; x_wconf 81' lang='lat' dir='ltr'>decimis</span> <span class='ocrx_word' id='word_1_490' title='bbox 884 3143 1129 3192; x_wconf 83' lang='lat' dir='ltr'>monstrant</span> <span class='ocrx_word' id='word_1_491' title='bbox 1145 3140 1425 3188; x_wconf 81' lang='lat' dir='ltr'>Christianos</span> <span class='ocrx_word' id='word_1_492' title='bbox 1438 3136 1628 3197; x_wconf 79' lang='lat' dir='ltr'>obligari</span> <span class='ocrx_word' id='word_1_493' title='bbox 1649 3169 1658 3183; x_wconf 92' lang='lat'><em>,</em></span> <span class='ocrx_word' id='word_1_494' title='bbox 1692 3147 1747 3178; x_wconf 85' lang='lat' dir='ltr'>ne</span> <span class='ocrx_word' id='word_1_495' title='bbox 1765 3144 1905 3177; x_wconf 81' lang='lat' dir='ltr'>minus</span> <span class='ocrx_word' id='word_1_496' title='bbox 1927 3126 2060 3197; x_wconf 78' lang='lat' dir='ltr'>septt-</span> 
     </span>
     <span class='ocr_line' id='line_1_47' title="bbox 408 3189 2058 3270; baseline -0.01 -15"><span class='ocrx_word' id='word_1_497' title='bbox 408 3223 486 3255; x_wconf 74' lang='lat' dir='ltr'>ma</span> <span class='ocrx_word' id='word_1_498' title='bbox 501 3208 721 3270; x_wconf 78' lang='lat' dir='ltr'>temporis</span> <span class='ocrx_word' id='word_1_499' title='bbox 738 3223 863 3270; x_wconf 87' lang='lat' dir='ltr'>parte</span> <span class='ocrx_word' id='word_1_500' title='bbox 878 3209 939 3255; x_wconf 82' lang='lat' dir='ltr'>ad</span> <span class='ocrx_word' id='word_1_501' title='bbox 953 3207 1125 3254; x_wconf 83' lang='lat' dir='ltr'>cultum</span> <span class='ocrx_word' id='word_1_502' title='bbox 1138 3204 1360 3258; x_wconf 84' lang='lat' dir='ltr'>divinum,</span> <span class='ocrx_word' id='word_1_503' title='bbox 1379 3215 1460 3246; x_wconf 89' lang='lat' dir='ltr'>nec</span> <span class='ocrx_word' id='word_1_504' title='bbox 1477 3200 1620 3245; x_wconf 84' lang='lat' dir='ltr'>minus</span> <span class='ocrx_word' id='word_1_505' title='bbox 1638 3193 1860 3261; x_wconf 67' lang='lat' dir='ltr'>frustunm</span> <span class='ocrx_word' id='word_1_506' title='bbox 1883 3189 2058 3258; x_wconf 56' lang='lat' dir='ltr'>declma</span> 
     </span>
     <span class='ocr_line' id='line_1_48' title="bbox 407 3253 2058 3333; baseline -0.011 -17"><span class='ocrx_word' id='word_1_507' title='bbox 407 3278 456 3323; x_wconf 70' lang='lat' dir='ltr'>in</span> <span class='ocrx_word' id='word_1_508' title='bbox 472 3271 683 3316; x_wconf 78' lang='lat' dir='ltr'>alimenta</span> <span class='ocrx_word' id='word_1_509' title='bbox 699 3283 859 3318; x_wconf 85' lang='lat' dir='ltr'>eorum</span> <span class='ocrx_word' id='word_1_510' title='bbox 876 3271 1013 3333; x_wconf 80' lang='lat' dir='ltr'>quiin</span> <span class='ocrx_word' id='word_1_511' title='bbox 1024 3268 1154 3320; x_wconf 82' lang='lat' dir='ltr'>sacris</span> <span class='ocrx_word' id='word_1_512' title='bbox 1165 3266 1297 3317; x_wconf 80' lang='lat' dir='ltr'>rebus</span> <span class='ocrx_word' id='word_1_513' title='bbox 1313 3275 1604 3324; x_wconf 83' lang='lat' dir='ltr'>occupantur,</span> <span class='ocrx_word' id='word_1_514' title='bbox 1627 3271 1702 3306; x_wconf 85' lang='lat' dir='ltr'>aut</span> <span class='ocrx_word' id='word_1_515' title='bbox 1715 3253 1873 3305; x_wconf 74' lang='lat' dir='ltr'>similes</span> <span class='ocrx_word' id='word_1_516' title='bbox 1888 3267 1988 3315; x_wconf 81' lang='lat' dir='ltr'>pios</span> <span class='ocrx_word' id='word_1_517' title='bbox 2003 3266 2058 3295; x_wconf 87' lang='lat' dir='ltr'>u-</span> 
     </span>
    </p>
   </div>
   <div class='ocr_carea' id='block_1_3' title="bbox 409 3331 2058 3452">
    <p class='ocr_par' dir='ltr' id='par_1_4' title="bbox 409 3331 2058 3452">
     <span class='ocr_line' id='line_1_49' title="bbox 409 3331 2058 3452; baseline -0.001 -68"><span class='ocrx_word' id='word_1_518' title='bbox 409 3331 480 3384; x_wconf 64' lang='lat' dir='ltr'>fiis</span> <span class='ocrx_word' id='word_1_519' title='bbox 493 3331 728 3398; x_wconf 76' lang='lat' dir='ltr'>seponant.</span> <span class='ocrx_word' id='word_1_520' title='bbox 1376 3386 1421 3438; x_wconf 74' lang='lat' dir='ltr'>A</span> <span class='ocrx_word' id='word_1_521' title='bbox 1454 3395 1481 3452; x_wconf 67' lang='grc' dir='ltr'><strong><em>ς</em></strong></span> <span class='ocrx_word' id='word_1_522' title='bbox 1924 3372 1973 3423; x_wconf 74' lang='lat' dir='ltr'>A</span> <span class='ocrx_word' id='word_1_523' title='bbox 1985 3368 2058 3420; x_wconf 36' lang='lat' dir='ltr'>N‘</span> 
     </span>
    </p>
   </div>
   <div class='ocr_carea' id='block_1_4' title="bbox 0 3481 2527 3938">
    <p class='ocr_par' dir='ltr' id='par_1_5' title="bbox 0 3481 2527 3938">
     <span class='ocr_line' id='line_1_50' title="bbox 0 3481 2527 3938; baseline 0 0"><span class='ocrx_word' id='word_1_524' title='bbox 0 3481 2527 3938; x_wconf 95' lang='lat' dir='ltr'> </span> 
     </span>
    </p>
   </div>
  </div>
 </body>
</html>
