2475 3854
732 270 1696 316 [inenormtimn.
1982 274 2060 320 ²57

390 353 441 386 ut
457 355 751 388 communem
782 338 934 403 legum
968 337 1172 407 regulam
1204 337 1459 400 sequantur.
1487 335 1621 385 Vnde
1633 339 1770 385 etiam
1784 335 1907 403 leges
1919 376 1931 395 ,
1960 350 2059 401 quae

386 403 510 449 astus
528 402 752 464 quosdam
771 416 846 447 aut
859 401 1114 463 simpliciter
1131 436 1141 450 ‚
1163 415 1241 447 aut
1259 401 1288 447 fi
1306 402 1343 448 is
1361 403 1434 463 qui
1452 399 1571 447 laesus
1581 400 1643 446 est
1665 403 1771 448 velit
1785 440 1797 457 ,
1816 402 1966 448 irritos
1979 401 2058 447 ‘fa-

385 466 527 516 ciunt,
547 467 702 511 locum
718 465 765 510 &
784 465 858 509 hic
870 462 1098 509 habebunt
1130 498 1143 519 ‚
1163 462 1282 523 quafi
1304 460 1381 509 sub
1417 479 1468 509 ea
1486 462 1754 510 conditione
1771 465 2057 511 contractum

388 525 532 573 foret.
564 525 639 572 Sic
673 525 880 573 videmus
916 540 1047 588 reges
1074 524 1294 587 quosdam
1327 523 1536 573 adversus
1566 522 1770 573 foenebre
1786 525 1956 574 malum
1974 523 2055 574 fibi

384 587 646 636 consuluisse
661 589 772 648 juris
791 587 1019 634 remediis.
1053 586 1231 635 Poterit
1246 597 1398 634 tamen
1435 603 1517 634 rex
1534 601 1582 634 ut
1598 587 1789 636 aliorum
1808 591 1872 635 ita
1888 590 1990 637 suos
2005 605 2056 636 a·

385 650 483 697 &us
504 652 575 698 his
589 649 763 715 legibus
779 649 954 697 solvere
974 671 989 708 3
1005 651 1133 712 quod
1148 666 1202 696 an
1234 647 1385 696 facere
1401 650 1597 696 voluerit
1616 688 1626 706 ‚
1646 665 1704 699 ex
1720 652 2057 699 circumstantiis

388 715 477 759 erit
493 712 810 761 aestimandum.
849 711 897 759 Si
914 711 1095 768 fecerit,
1108 711 1348 773 judicanda
1359 727 1430 758 res
1443 713 1530 758 erit
1545 728 1603 758 ex
1618 728 1749 761 mero
1762 715 1859 773 jure
1873 730 2055 761 natura-

386 775 433 822 li.
449 774 561 822 Hoc
579 774 857 832 addendum,
875 775 905 821 fi
921 790 1014 838 quae
1031 777 1106 821 lex
1122 774 1269 822 adium
1285 776 1465 821 irritum
1478 770 1612 821 faciat
1629 813 1642 833 ,
1662 792 1752 822 non
1778 775 1822 823 in
1840 775 2052 823 favorem

387 839 561 902 agentis
576 875 588 893 ,
611 836 749 884 sedin
769 853 950 901 poenam
972 874 983 892 ‚
1010 838 1124 884 hanc
1138 839 1182 883 in
1199 852 1362 902 regum
1394 836 1562 884 aCtibus
1594 837 1747 886 locum
1766 855 1856 885 non
1872 839 2054 885 habiru-

385 916 486 948 1am
508 937 521 956 ,
563 913 612 946 ut
643 915 727 947 nec
765 901 873 947 alias
889 900 1012 962 leges
1044 899 1241 962 poenales
1271 902 1320 946 δε
1332 899 1545 961 quicquid
1581 901 1674 947 vim
1689 900 1826 949 habet
1845 902 2056 967 cogendi.

393 961 525 1010 Nam
574 963 721 1009 un‘itio
761 964 812 1009 δε
844 962 1023 1009 >coactio
1053 978 1143 1008 non
1162 961 1337 1025 possunt
1350 960 1597 1026 procedere
1611 962 1687 1010 nifi
1703 967 1730 1009 a
1746 962 2054 1011 voluntatibus

391 1024 525 1072 diver
543 1041 579 1072 is
594 1041 606 1073 :
623 1025 774 1089 itaque
790 1039 958 1089 cogens
973 1025 1022 1071 δι
1037 1024 1247 1071 εοειὲὶιιιῐι
1261 1026 1492 1088 requirunt
1506 1022 1725 1073 distimstas
1735 1026 1954 1091 personas,
1972 1040 2052 1073 ne-

394 1103 482 1151 que
494 1086 715 1135 sufficiunt
726 1087 914 1134 distmffi
930 1085 1165 1150 respestus.

458 1150 483 1201 I
500 1150 576 1198 11.
610 1149 920 1197 Iuramentum
937 1163 1088 1196 autem
1103 1147 1207 1196 Rex
1218 1149 1397 1196 irritum
1415 1148 1608 1196 reddere
1625 1150 1942 1198 antecedenter
1959 1165 2046 1213 po-

391 1211 478 1261 test
487 1227 537 1260 ut
555 1214 769 1277 privatus,
790 1211 820 1259 si
838 1210 880 1258 se
896 1210 987 1275 ipse
1000 1211 1222 1275 potestate
1237 1212 1328 1258 tale
1346 1212 1454 1275 quid
1466 1212 1646 1272 jurandi
1664 1213 1791 1274 plane
1804 1215 2051 1277 privaverit

393 1277 551 1340 priore
561 1278 840 1338 juramento:
859 1273 1179 1337 consequenter
1194 1290 1285 1321 non
1304 1274 1449 1337 potest
1469 1313 1481 1330 ,
1502 1276 1604 1336 quia
1616 1275 1691 1322 hic
1706 1292 1886 1339 quoque
1897 1275 2052 1338 perso-

392 1354 557 1386 narum
590 1336 813 1385 distinstio
846 1339 1104 1400 requiritur.
1134 1335 1259 1383 Nam
1277 1353 1370 1400 quae
1387 1336 1843 1398 consequenterirrira
1857 1338 2054 1384 reddun—

397 1414 491 1459 tur,
507 1403 607 1462 jam*
619 1415 749 1448 antea
766 1401 1080 1463 exceptionem
1095 1399 1138 1445 in
1152 1398 1194 1446 se
1212 1399 1451 1456 habebant,
1470 1400 1545 1446 nisi
1563 1398 1764 1462 superior
1778 1401 1990 1447 noluerit.
2006 1412 2054 1446 at

392 1464 460 1511 ita
478 1465 627 1524 jurare
642 1477 691 1510 ut
707 1465 900 1510 tenearis
917 1462 993 1509 nisi
1010 1461 1098 1526 ipse
1114 1462 1244 1519 nolis,
1258 1461 1574 1527 perabsurdum
1590 1462 1665 1519 est,
1683 1465 1905 1509 &naturae
1914 1463 2055 1522 juris-

393 1525 575 1588 jurandi
589 1527 881 1574 contrarium.
910 1523 999 1572 Etfi
1031 1540 1144 1573 vero
1162 1540 1220 1571 ex
1235 1524 1526 1585 jurejurando
1560 1525 1628 1583 jus
1657 1526 1788 1587 quaeri
1820 1525 1948 1571 alteri
1965 1539 2059 1570 non

396 1588 552 1652 possit,
569 1587 632 1636 ob
655 1587 843 1650 aliquod
866 1589 1027 1635 vitium
1044 1589 1088 1634 in
1098 1585 1284 1650 persona
1296 1626 1307 1645 ,
1325 1603 1474 1634 tamen
1491 1602 1594 1633 eum
1622 1589 1697 1648 qui
1712 1589 1928 1647 juraverit
1948 1587 2054 1633 Deo

398 1652 615 1715 obstringi
632 1652 759 1715 supra
775 1648 1075 1699 ostendimus:
1097 1649 1224 1712 quod
1242 1650 1299 1696 ad
1311 1665 1439 1716 reges
1463 1662 1554 1695 non
1583 1651 1728 1697 minus
1747 1687 1759 1706 ,
1781 1665 1914 1713 quam
1933 1647 1991 1696 ad
2007 1665 2056 1695 a-

398 1714 486 1762 lios
534 1717 713 1770 erriner,
732 1728 897 1760 contra
913 1730 1047 1776 quam
1064 1708 1190 1760 sentit
1200 1708 1326 1760 disto
1342 1713 1449 1759 loco
1467 1712 1684 1759 Bodinus.

397 1816 401 1828 2
465 1730 563 1826 Ιξῖ.
598 1777 815 1825 Promissa
831 1791 1010 1838 quoque
1023 1775 1166 1837 piena,
1185 1777 1233 1822 δε
1249 1774 1463 1829 absoluta,
1478 1787 1615 1836 ‘atque
1632 1783 1865 1834 acceptata
1882 1786 2060 1821 natura·
2076 1782 2170 1832 Aug·
2188 1777 2211 1810 l·
2226 1777 2289 1810 tu-

400 1841 508 1890 liter
522 1840 593 1900 jus
613 1836 857 1888 transferre
888 1837 1243 1886 demonstratum
1276 1838 1402 1903 supra
1418 1836 1478 1883 est
1503 1875 1514 1893 ,
1567 1834 1655 1882 uod
1675 1835 1834 1882 itidem
1852 1837 1912 1893 ad
1930 1850 2057 1897 reges
2075 1826 2264 1904 {2222ssst

405 1919 500 1953 non
516 1903 662 1951 minus
680 1918 815 1966 quam
831 1899 890 1946 ad
908 1901 1021 1949 alios
1028 1902 1237 1964 pertinet,
1253 1903 1315 1948 ita
1328 1916 1377 1947 ut
1393 1902 1542 1961 impro
1578 1897 1690 1944 anda
1707 1898 1758 1944 fit
1771 1898 1861 1943 hoc
1873 1899 2054 1959 quidem
2069 1920 2154 1951 cm,
2172 1920 2243 1952 m,

402 1964 526 2015 sensu
541 1980 701 2014 eorum
721 1964 932 2011 sententia
947 2003 958 2021 ,
978 1965 1225 2027 quinegant
1239 1978 1394 2027 regem
1411 1963 1552 2009 teneri
1568 1976 1762 2022 unquam
1778 1961 1845 2005 his
1862 1976 1954 2021 quae
1969 1960 2056 2005 fine
2074 1960 2152 2006 cons-
2172 1963 2256 2007 138·

401 2027 533 2078 causa
548 2028 752 2092 promisit
770 2048 786 2087 3
806 2026 935 2090 quod
946 2040 1098 2075 tamen
1111 2042 1204 2090 quo
1229 2025 1350 2074 sensu
1366 2024 1518 2071 locum
1531 2018 1694 2070 habere
1707 2020 1845 2086 poffit
1861 2037 1975 2068 mox
1991 2023 2061 2069 vi·
2073 2021 2108 2045 ⁶·
2122 2019 2157 2054 ⁴·

403 2091 627 2141 debimus.
646 2102 648 2104 '

468 2151 528 2204 V.
563 2153 790 2203 Caeterum
807 2152 936 2216 quod
948 2152 1144 2201 diximus
1159 2150 1284 2214 supra
1302 2189 1314 2207 ,
1333 2147 1455 2216 leges
1477 2148 1628 2196 civiles
1645 2147 1773 2211 regni
1800 2147 1951 2204 iocum
1970 2158 2060 2213 non
2080 2148 2150 2184 Lib·
2170 2154 2233 2227 ΠΙ)

388 2218 579 2268 -habere
594 2219 636 2264 in
655 2229 813 2275 reffum
830 2216 968 2280 paffis
987 2218 1036 2263 &
1048 2214 1346 2264 contractibus
1361 2251 1373 2270 ‚
1405 2211 1453 2259 id
1486 2210 1603 2258 reste
1620 2210 1732 2257 vidit
1765 2211 1813 2257 δε
1830 2205 1927 2257 Vas
1948 2224 2058 2254 ulus.
2075 2198 2218 2287 {mgni
2228 2249 2278 2286 34·

406 2280 500 2331 Sed
513 2280 640 2343 quod
657 2269 792 2327 infert
809 2281 1060 2326 emtionem
1088 2280 1135 2325 δε
1154 2276 1460 2325 venditionem
1478 2274 1564 2321 fine
1578 2287 1704 2321 certo
1723 2273 1869 2334 pretio
1889 2309 1899 2324 ,
1954 2283 2062 2315 oca-

408 2347 584 2393 tionem
612 2345 662 2390 &
698 2341 1049 2390 conduCtionem
1065 2357 1157 2387 non
1189 2337 1386 2403 expressa
1401 2336 1609 2384 mercede
1625 2372 1635 2386 ,
1654 2331 2061 2401 emphyteusin-sine

408 2408 641 2471 scriptura,
659 2405 689 2452 fi
704 2409 731 2453 a
748 2403 928 2469 regibus
943 2405 1066 2461 fiant,
1086 2403 1277 2450 valitura
1292 2439 1304 2458 ,
1327 2415 1416 2447 non
1432 2397 1769 2467 concedendum
1788 2395 1848 2465 est
1868 2412 1878 2441 ;
1898 2409 1999 2455 quia
2014 2394 2060 2438 h1
2080 2438 2108 2473 S
2153 2451 2168 2472 r
2189 2437 2233 2473 13

409 2469 533 2518 astus
545 2485 634 2516 non
650 2472 677 2516 a
695 2481 802 2532 rege
818 2483 907 2529 qua
923 2480 1047 2530 rege,
1067 2465 1144 2512 sed
1160 2456 1216 2511 ab
1228 2480 1286 2511 eo
1299 2462 1416 2526 quasi
1431 2462 1520 2508 aiio
1539 2475 1697 2523 quovis
1709 2459 1801 2504 fieri
1828 2457 1987 2526 solent.
2011 2454 2060 2501 In
2086 2451 2273 2530 ¹¹:225·

409 2547 506 2597 quo
521 2530 699 2578 adtuum
710 2543 876 2595 genere
890 2539 1067 2575 tantum
1081 2526 1201 2573 abest
1213 2543 1260 2573 ut
1278 2538 1542 2575 communes
1577 2523 1697 2586 regni
1720 2521 1840 2583 leges
1855 2533 1948 2588 vim
1966 2516 2062 2564 nul·
2081 2547 2113 2568 n.
2134 2541 2192 2575 ιν,-

411 2596 505 2644 lam
522 2593 716 2641 habeant
740 2630 751 2649 ‚
783 2593 920 2639 etiam
936 2590 1059 2655 leges
1078 2605 1107 2635 o
1122 2588 1232 2651 ipidi
1250 2584 1325 2635 ubi
1344 2587 1444 2636 Rex
1467 2583 1639 2631 habitat
1655 2583 1801 2631 valere
1815 2580 2063 2628 credimus:

413 2659 520 2721 quia
536 2656 709 2721 speciali
725 2655 903 2703 ratione
919 2670 1001 2701 rex
1016 2649 1078 2699 ibi
1107 2667 1131 2696 e
1145 2651 1295 2707 habet,
1316 2664 1365 2697 ut
1382 2649 1496 2694 illius
1510 2659 1652 2693 coetus
1665 2641 1934 2692 membrum.
1954 2644 2063 2696 Quae
2084 2636 2299 2726 {Effiiaiitn

416 2734 569 2768 tamen
586 2734 638 2766 ut
654 2717 851 2765 diximus
875 2718 938 2763 ita
966 2713 1221 2778 procedunt
1239 2751 1249 2767 ‚
1269 2712 1345 2759 nisi
1373 2708 1706 2757 circumstantiae
1725 2704 1954 2775 ostendant
1971 2704 2063 2766 pla·
2084 2709 2275 2772 Ljpn-mp,

415 2782 551 2830 cuiffe
559 2784 655 2846 regi
669 2781 792 2829 suum
809 2779 956 2826 astum
972 2776 1028 2825 ab
1059 2776 1141 2824 illis
1158 2772 1330 2838 legibus
1345 2775 1591 2820 immunem
1612 2767 1774 2816 facere.
1801 2766 1936 2837 Aliud
1955 2781 2065 2812 vero
2083 2775 2210 2822 legiam.
2226 2778 2273 2807 D.

415 2847 677 2908 exemplum
694 2842 820 2904 quod
835 2841 957 2888 idem
975 2836 1123 2885 adfert
1138 2833 1352 2899 Vasquius
1364 2835 1422 2892 de
1439 2831 1731 2898 promissione
1745 2828 2067 2898 quolibet-mo·
2084 2824 2264 2914 {ee‘ffiffl'

416 2907 482 2955 do
499 2906 632 2964 fasta,
650 2907 765 2953 bene
781 2904 994 2951 convenit
1012 2939 1025 2958 ‚
1061 2904 1111 2948 &
1123 2917 1181 2948 ex
1206 2902 1278 2947 his
1296 2915 1387 2962 quae
1404 2896 1530 2959 supra
1547 2894 1739 2942 diximus
1757 2893 1966 2953 exphcari
1981 2904 2065 2951 po·
2088 2916 2173 2997 Pide
2196 2927 2278 2962 pag.

505 3006 513 3014 .
2103 2975 2160 3010 eq·

415 2969 527 3080 tes}
539 3029 576 3077 Ι.
609 3024 933 3075 Contrastibus
948 3041 1062 3088 quos
1077 3039 1157 3071 rex
1171 3036 1274 3069 cum
1289 3020 1474 3070 subditis
1503 3020 1602 3065 iniit
1616 3016 1809 3081 obligari
1823 3029 1924 3061 eum
1941 3024 2066 3082 natu-
2090 3014 2130 3090 ἓξ
2141 3010 2254 3096 5237?-

420 3093 575 3144 taliter
591 3104 780 3144 tantum,
799 3107 890 3136 non
907 3089 1099 3135 civiliter
1119 3124 1130 3142 ‚
1163 3084 1190 3135 †
1222 3082 1518 3131 Iurisconsulti
1535 3075 1679 3126 ferme
1694 3074 2071 3148 omnesffsenriunt.
2093 3104 2156 3146 Lfi
2167 3080 2300 3147 [ηψπ

420 3154 550 3219 quod
567 3152 783 3214 loquendi
798 3167 936 3215 genus
953 3147 1274 3209 perobscurum
1291 3146 1365 3193 est.
1399 3143 1527 3193 Nam
1544 3141 1750 3189 naturalis
1774 3138 1992 3204 obligatio
2009 3150 2074 3180 m-
2092 3152 2125 3183 c.
2141 3147 2305 3201 deservi.

421 3217 606 3267 terdum
625 3219 650 3262 a
663 3216 771 3273 juris
791 3208 1045 3260 aridioribus
1060 3210 1224 3255 dicitur
1240 3223 1319 3272 per
1332 3206 1588 3254 abusionem
1611 3203 1671 3248 de
1688 3218 1744 3249 eo
1757 3187 1884 3263 quod
1892 3199 1983 3244 fieri
2001 3212 2077 3242 na·
2096 3195 2253 3286 (Ιίἰᾱέἔζίὲο-
2274 3201 2307 3238 ¹,

425 3296 527 3329 tura
544 3276 777 3327 honestum
795 3275 855 3324 est
878 3313 890 3332 ,
904 3286 1157 3336 quanquam
1175 3287 1267 3318 non
1284 3285 1390 3320 vere
1405 3266 1611 3316 debitum
1630 3305 1642 3325 ,
1675 3258 1726 3312 u’t
1740 3264 1890 3327 legata
1904 3261 2081 3369 inteigrig

2010 3339 2021 3367 1

1485 3327 1531 3376 R
