2475 3854
775 244 1720 293 ACPACIS‚1.113.11.
1967 257 2040 298 315·

388 304 579 363 vivvnffl'oae
596 308 749 354 malitia
765 310 1056 357 medicatricem.
1088 313 1112 341 *
1143 308 1364 358 Lastantii
1379 312 1549 359 dictum
1567 311 1627 359 est
1647 328 1658 359 t
1694 323 1780 360 Non
1802 316 1930 376 exiguo
1951 318 2038 375 fal·
2059 327 2112 360 De
2140 325 2190 363 ira
2204 328 2274 369 Dei

393 377 529 419 cuntur
554 388 676 416 errore
702 405 715 425 ‚
757 375 827 431 qui
862 376 1054 432 censuram
1075 374 1157 433 five
1184 378 1395 421 humanam
1416 379 1499 434 five
1530 380 1711 422 divinam
1740 379 1959 423 acerbitatis
1993 375 2043 427 ᾤ’
2055 386 2085 414 c,
2103 381 2159 419 17.

394 437 547 481 malitia
558 437 708 478 nomine
721 436 914 490 infamant
932 472 943 489 ,
958 449 1136 494 putantes
1153 452 1340 483 nocentem
1357 442 1433 482 dici
1451 453 1613 499 oportere
1631 475 1642 492 ‚
1657 445 1724 500 qui
1738 455 1901 484 nocentes
1919 442 2039 497 afficit

387 511 517 556 poena.
549 491 695 556 Qod
720 508 831 539 vero
846 493 1042 540 diximus
1068 512 1202 556 poenae
1219 515 1313 560 quae
1331 501 1512 563 proprie
1531 501 1590 544 ita
1607 502 1866 546 nominatur
1889 502 2040 546 omni-

393 571 457 602 no
472 556 562 601 hoc
577 554 708 601 iueffe
739 569 787 601 ut
814 554 978 603 delicto
996 558 1244 617 reddatur,
1276 575 1478 607 notatum
1497 564 1544 607 δε
1572 561 1814 624 Augustino
1838 561 1897 608 est
1916 602 1928 619 ,
1963 563 2037 625 qui

394 617 531 664 dixit:
549 624 666 663 cmm's
676 633 785 685 poena
803 653 813 667 ‚
839 621 876 679 fi
896 621 998 677 justa
1012 625 1062 679 cst
1076 659 1087 678 ,
1114 630 1253 684 peccati
1261 638 1375 684 paena
1391 627 1464 682 est:
1500 624 1624 686 quod
1645 623 1699 670 ad
1720 640 1869 686 poenas
1883 626 2035 683 etiam,

393 697 491 743 qua:
510 683 537 726 a
556 679 934 742 Deoirrogantur
950 683 1140 743 pertinet
1160 722 1171 740 ,
1203 701 1455 747 quanquam
1473 689 1517 731 in
1534 686 1616 731 illis
1633 686 1859 732 interdum
1875 687 1937 734 ob
1955 688 2040 733 hu-

392 753 574 790 manam
586 741 901 806 ignorantiam,
917 758 967 790 ut
983 742 1103 793 idem
1118 745 1308 809 scriptor
1321 748 1540 810 loquitur,
1560 753 1653 794 latet
1667 754 1768 810 culpa
1784 752 1849 794 ubi
1861 769 1931 795 non
1946 754 2043 798 latet

419 824 518 852 oena.

389 819 417 867 p
460 865 538 914 ΙΙ.
563 866 656 914 Sed
675 883 729 913 an
753 866 811 913 ad
835 867 1161 932 affignatricem
1182 908 1192 925 ‚
1226 886 1280 916 an
1298 886 1408 917 vero
1427 870 1486 917 ad
1506 871 1793 935 expletricem
1826 871 2036 931 justitiam

394 943 529 990 poena
544 931 766 993 pertineat
787 969 797 985 ,
831 930 990 977 diversi
1014 931 1235 979 diversum
1256 932 1456 979 sentiunt.
1493 935 1691 995 Qdarn
1710 936 1825 980 enim
1839 935 1940 996 quia
1963 936 2040 996 qui

393 991 494 1052 plus
508 993 712 1054 peccavit
723 994 918 1054 gravius,
936 995 1008 1055 qui
1023 996 1166 1041 minus
1183 995 1321 1041 levius
1331 996 1643 1055 puniuntur,&
1661 999 1760 1058 quia
1775 1012 1904 1060 poena
1918 996 2039 1058 quast

396 1056 425 1100 *a
440 1067 546 1101 toto
564 1055 680 1119 parti
697 1055 828 1101 datur
848 1094 859 1112 ,
878 1055 985 1101 ideo
1011 1057 1070 1103 ad
1087 1057 1415 1121 affignatricem
1429 1057 1640 1118 justitiam
1657 1075 1805 1120 poenas
1820 1058 2040 1111 referunt,

396 1113 489 1162 Sed
502 1116 628 1180 quod
649 1117 842 1179 primum
858 1117 920 1162 illi
938 1133 1110 1181 ponunt
1131 1158 1142 1175 ‚
1160 1119 1487 1185 assignatricem
1507 1120 1714 1178 justitiam
1731 1122 1866 1166 toties
1884 1121 2038 1166 locum

393 1177 564 1227 habere
580 1217 591 1234 ,
614 1182 792 1240 quoties
817 1180 933 1225 inter
948 1182 1170 1229 terminos
1187 1183 1332 1244 plures
1350 1180 1525 1228 duobus
1545 1184 1777 1230 instituitur
1793 1183 2036 1242 aequalitas,

394 1255 554 1289 verum
572 1256 661 1287 non
677 1241 763 1287 esse
780 1244 824 1286 in
845 1243 1064 1306 principio
1083 1247 1229 1307 operis
1254 1245 1384 1304 hujus
1401 1244 1672 1292 ostendimus
1691 1262 1702 1293 :
1726 1245 1890 1291 deinde
1913 1244 2042 1305 quod

394 1305 539 1368 magis
569 1317 780 1351 nocentes
798 1305 978 1365 gravius
992 1343 1004 1361 ‚
1039 1306 1181 1353 minus
1199 1321 1409 1353 nocentes
1428 1306 1570 1352 levius
1587 1309 1827 1369 puniuntur
1843 1344 1855 1362 ‚
1891 1307 1938 1352 id
1954 1322 2038 1376 per

396 1366 763 1428 consequentiam
782 1367 1001 1414 duntaxat
1018 1371 1168 1415 evenit
1180 1407 1190 1424 ,
1213 1386 1303 1414 non
1321 1367 1447 1431 quod
1462 1369 1550 1414 hoc
1564 1372 1711 1431 primo
1725 1386 1774 1416 ac
1787 1385 1865 1432 per
1880 1367 1921 1414 stt
1937 1371 2036 1432 {pe-

394 1427 562 1476 stetur.
594 1427 721 1475 Nam
737 1431 888 1492 primo
905 1445 956 1475 ac
972 1444 1053 1493 per
1082 1430 1125 1479 se
1141 1430 1362 1496 spectatur
1376 1434 1400 1462 *
1418 1432 1641 1495 aequalitas
1664 1435 1780 1479 inter
1795 1430 1971 1493 culpam
1988 1433 2038 1483 δε

395 1507 576 1556 poenam
591 1506 606 1541 z
625 1491 685 1538 de
701 1507 789 1554 qua
803 1491 1022 1540 Horatius
1040 1506 1052 1539 :
2057 1482 2167 1523 ’ὅσθ’
2183 1489 2265 1523 ¹¹¹·

947 1564 1030 1601 Cur
1042 1574 1117 1602 non

677 1620 911 1662 Ponderibus
927 1620 1158 1679 modulzfiqtce
1171 1621 1245 1673 fitis
1259 1623 1359 1663 ratio
1373 1623 1510 1669 utitur,
1521 1637 1566 1665 ac
1581 1638 1638 1666 res

679 1688 730 1724 Vt
743 1697 890 1742 quaque
906 1687 957 1725 es‘i‘
971 1685 1030 1725 ita
1034 1684 1222 1741 suppliciis
1240 1683 1375 1726 delicia
1391 1693 1550 1728 coercet?

393 1739 456 1790 Et
473 1738 605 1788 alibi:

941 1806 1060 1866 Adfit

668 1869 810 1927 Regula
826 1875 987 1929 peccatis
1013 1886 1090 1929 que
1102 1883 1228 1928 paenccs
1249 1873 1382 1930 irroget
1399 1885 1531 1929 equas,

671 1937 751 1973 Nec
753 1932 901 1986 scutica
921 1932 1078 1989 dignum
1094 1933 1270 1975 horribili
1285 1938 1414 1989 [effere
1430 1931 1583 1989 flagello.

394 1987 575 2037 Eodem
593 1988 754 2051 spectat
773 1988 844 2035 lex
860 1989 1010 2039 divina
1029 1990 1283 2037 Deumcxv.
1303 1993 1349 2037 &
1369 1990 1568 2037 Novella
1586 1987 1858 2036 I.eonis.Sed
1877 2005 1957 2036 nec
1973 1990 2038 2038 al·-
2055 2013 2082 2038 c.
2097 2012 2134 2039 v.

395 2066 547 2099 terum
565 2051 689 2113 quod
705 2052 767 2099 illi
785 2067 954 2113 ponunt
970 2055 1113 2117 magis
1129 2069 1284 2100 verum
1304 2053 1536 2115 cst‚p<rnas
1554 2067 1708 2097 omnes
1724 2054 1873 2098 venire
1887 2068 1942 2098 ex
1959 2067 2037 2099 to—

393 2127 447 2160 to
461 2113 517 2160 ad
536 2128 711 2173 partem
730 2151 741 2166 ,
767 2113 893 2176 quod
914 2132 970 2163 ex
989 2117 1054 2162 his
1074 2132 1165 2177 quae
1183 2115 1370 2162 dicenda
1387 2116 1480 2161 sunt
1506 2114 1745 2176 apparebit.
1782 2114 1905 2160 Tum
1923 2130 2037 2160 vero

395 2175 619 2223 ostensum
639 2181 665 2224 ὲ
684 2178 814 2223 nobis
833 2176 958 2239 supra
974 2177 1210 2233 est‚veram
1226 2177 1393 2237 justitiae
1411 2176 1698 2239 affignatricis
1715 2178 2037 2230 rationcm‚nec

394 2240 438 2286 in
457 2238 533 2285 tali
553 2239 817 2301 aequalitate,
838 2241 978 2286 necin
997 2240 1195 2303 proceffu
1212 2243 1236 2285 a
1253 2254 1356 2286 toto
1371 2239 1423 2286 ad
1444 2253 1615 2300 partem
1636 2240 1815 2299 proprie
1833 2239 2038 2286 consiste-

393 2301 538 2356 re,sed
555 2304 598 2347 in
611 2301 811 2349 habenda
829 2303 1002 2348 ratione
1018 2304 1114 2362 ejus
1129 2300 1383 2364 aptitudinis
1401 2317 1492 2362 quae
1511 2303 1578 2360 jus
1594 2300 1734 2346 stricte
1751 2300 1915 2346 dictum
1935 2304 1978 2347 in
1995 2303 2037 2350 se

394 2380 486 2411 non
499 2366 730 2412 contineat
748 2403 759 2422 ,
792 2362 867 2411 sed
887 2363 1166 2410 occasionem
1186 2365 1225 2410 ei
1241 2363 1333 2409 det.
1372 2367 1638 2425 Qanquam
1652 2379 1760 2408 vcro
1773 2364 1808 2407 is
1820 2364 1893 2423 qui
1911 2366 2036 2425 puni-

394 2440 470 2473 tur
488 2465 500 2482 ,
531 2440 658 2489 aptus
674 2442 750 2474 aut
766 2426 927 2488 dignus
944 2427 1027 2473 esse
1045 2425 1180 2472 debet
1194 2427 1336 2487 puniri
1359 2465 1368 2479 ,
1392 2441 1478 2470 non
1499 2441 1554 2470 eo
1570 2439 1718 2470 tamen
1748 2424 1792 2468 id
1809 2424 1967 2485 spectat
1985 2443 2036 2475 ut

392 2489 472 2552 ipfi
490 2488 676 2536 accedat
693 2489 859 2552 aliquid
881 2527 892 2544 ,
924 2489 1050 2550 quod
1069 2488 1322 2552 affignatrix
1349 2488 1506 2549 justitia
1533 2487 1735 2549 postulat.
1767 2485 1870 2531 Nec
1887 2501 2040 2536 tamen

393 2553 472 2613 qui
490 2552 784 2615 expletricem
798 2551 1007 2611 justitiam
1028 2587 1036 2601 ,
1055 2567 1188 2613 quam
1206 2551 1344 2613 vulgo
1358 2550 1746 2596 commutatricem
1764 2564 1930 2595 vocant
1949 2589 1960 2606 ,
1992 2553 2040 2599 in

391 2616 536 2676 poenis
553 2615 753 2661 exerceri
774 2613 928 2660 volunt
948 2649 958 2663 ‚
993 2615 1134 2676 magis
1153 2611 1195 2657 se
1213 2613 1449 2673 explicant.
1483 2611 1551 2658 Ita
1567 2612 1682 2656 enim
1707 2612 1935 2673 negotium
1951 2615 2042 2661 hoc

392 2677 677 2731 considerant
695 2714 707 2731 ,
740 2677 859 2737 quafi
878 2677 1057 2722 nocenti
1075 2674 1240 2735 aliquid
1261 2674 1477 2720 reddatur
1494 2711 1504 2729 ,
1535 2673 1642 2719 ficut
1669 2674 1712 2718 in
1738 2673 2039 2722 contractibus

391 2738 488 2783 fieri
505 2739 630 2783 solet.
650 2739 843 2799 Decepit
860 2752 939 2786 eos
957 2737 1153 2800 vulgaris
1173 2736 1358 2791 locutio,
1375 2752 1460 2798 qua
1479 2735 1667 2781 dicimus
1685 2750 1860 2795 poenam
1878 2736 2037 2782 deberi

391 2799 433 2844 ei
455 2801 528 2859 qui
548 2800 736 2860 deliquit
753 2837 762 2854 ,
778 2799 903 2861 quod
922 2799 1047 2860 plane
1058 2798 1118 2845 est
1135 2796 1302 2854 οἴκυρρνς
1332 2797 1455 2845 Nam
1475 2799 1543 2842 cui
1558 2798 1738 2859 proprie
1752 2796 1942 2844 debetur
1958 2799 2040 2844 ali-

392 2859 505 2921 quid
526 2898 536 2915 ,
571 2863 669 2907 isin
688 2862 882 2908 alterum
903 2863 970 2917 jus
989 2861 1143 2906 habet.
1180 2860 1266 2906 Sed
1289 2876 1391 2906 cum
1410 2858 1565 2905 deberi
1580 2858 1706 2904 alicui
1725 2874 1901 2918 poenam
1929 2858 2040 2906 dici-

393 2937 511 2976 mus,
531 2922 637 2968 nihil
655 2923 863 2969 volumus
880 2923 997 2969 aliud
1016 2939 1150 2984 quam
1171 2939 1343 2982 aequum
1361 2922 1445 2967 effe
1463 2936 1510 2966 ut
1527 2922 1744 2980 puniatur.
1781 2917 1950 2966 Verum
1969 2936 2039 2968 ta·-

393 2998 498 3033 men
527 2982 587 3028 est
617 2984 661 3028 in
677 2987 819 3044 poenis
847 2986 997 3045 primo
1030 3001 1081 3030 ac
1110 2999 1188 3046 per
1222 2984 1263 3029 se
1281 2984 1480 3029 exerceri
1510 2983 1795 3044 expletricem
1811 2980 2033 3041 justitiam,

395 3045 499 3105 quia
516 3043 681 3090 scilicet
699 3047 774 3106 qui
789 3049 912 3106 punit
934 3084 942 3099 ‚
962 3060 1010 3091 ut
1026 3045 1143 3092 recte
1160 3047 1313 3107 puniat
1329 3084 1339 3097 ,
1367 3046 1434 3103 jus
1453 3044 1614 3091 habere
1632 3042 1766 3088 debet
1781 3041 1835 3086 acl
1853 3045 2035 3103 punien-

395 3107 522 3159 dum,
556 3106 681 3167 quod
700 3108 768 3163 jus
780 3122 835 3151 ex
852 3107 1017 3152 delicto
1036 3108 1233 3153 nocentis
1249 3106 1457 3152 nascitur.
1493 3107 1640 3166 Atque
1651 3107 1733 3149 hac
1752 3106 1795 3149 in
1815 3119 1862 3149 re
1879 3104 1937 3150 est
1956 3106 2036 3152 ali-

404 3215 407 3219 f
428 3165 503 3212 uid
528 3166 554 3193 *
583 3167 708 3227 quod
725 3168 783 3212 ad
799 3168 1108 3215 contractuum
1131 3183 1338 3214 naturam
1351 3168 1524 3214 accedit
1550 3184 1560 3214 :
1593 3167 1693 3227 quia
1711 3165 1817 3211 ficut
1832 3168 1906 3227 qui
1926 3182 2035 3213 ven-

396 3183 654 3283 dit,etiamsi
669 3228 774 3277 nihil
790 3229 1071 3291 peculiariter
1089 3231 1222 3288 dicat,
1237 3230 1447 3296 obligasse
1462 3229 1505 3277 se
1521 3229 1719 3278 censetur
1736 3226 1795 3278 ad
1811 3241 1863 3274 ea
1880 3231 2035 3275 omnia

1939 3307 2034 3349 quae
