2380 3917
79 686 177 722 Dian.
194 683 220 722 Ι.
234 691 292 721 vl·

117 2935 287 2971 xPet.11‚

118 2991 173 3026 13.

115 3141 183 3174 [ab.
204 3150 280 3177 itt.

113 3189 190 3218 adt»,
210 3191 280 3220 Aso-

138 3247 181 3265 ι’.
195 3236 272 3269 ''rs-1,

116 3249 135 3264 Vl

112 3293 144 3311 c.

119 3330 155 3358 Is?

157 3284 175 3312 νζ

311 363 358 397 86
706 349 1544 393 nssxvnnsssttr

308 421 579 483 Traianum,
596 431 647 466 ut
663 434 722 473 ex
739 418 868 470 Plinii
885 417 1169 482 Panegyrico
1186 432 1387 481 apparet,
1406 416 1452 464 id
1471 417 1599 463 unice
1611 412 1780 462 curasse
1796 426 1852 460 ne
1866 411 1981 475 quid

311 488 490 550 regium
510 484 753 531 ostentaret
777 518 788 533 .
820 480 894 529 sed
929 480 956 508 ¹⁸
989 496 1148 528 verum
1181 480 1429 543 principem
1461 492 1642 543 gereret
1665 515 1678 534 ‚
1697 479 1774 539 qui
1793 475 1989 539 proinde

312 547 499 597 subesset
537 546 707 594 senatus
723 544 966 614 populique
986 543 1157 604 judicio
1169 562 1185 601 3
1204 558 1401 605 quorum
1428 541 1666 589 sententias
1681 539 1860 601 exsequi
1877 553 1989 602 prae-

313 612 457 659 festus
476 609 662 666 deberet
679 611 819 656 etiam
836 608 882 652 in
895 604 1038 670 ipsum
1057 607 1324 670 principem.
1340 602 1498 652 Simile
1516 603 1577 650 est
1594 601 1721 665 quod
1738 601 1798 648 de
1808 600 1883 648 M.
1897 601 1988 648 An—

316 676 450 723 tonio
469 674 676 738 legimus,
695 673 771 735 qui
787 669 1018 733 publicam
1034 670 1270 732 pecuniam
1286 669 1509 732 attingere
1525 666 1672 713 noluit
1692 703 1705 724 ,
1717 662 1795 712 nisi
1811 661 1990 711 consul-

314 753 368 788 to
387 736 555 784 senatu.

382 799 425 848 V
450 800 521 846 11.
557 797 757 853 Gravior
773 794 850 843 ili-a
870 795 929 843 est
950 795 1129 858 quaestio
1145 834 1156 852 ‚
1177 810 1230 840 an
1243 793 1319 840 lex
1334 792 1393 840 de
1410 808 1503 840 non
1521 788 1764 839 resistendo
1780 803 1865 836 nos
1900 784 1991 836 ob·

314 863 427 927 liger
466 863 512 908 in
526 858 788 925 gravissimo
819 860 867 904 &
903 859 1152 908 certissimo
1170 856 1444 903 discrimine:
1457 854 1585 902 Nam
1604 854 1726 917 leges
1741 855 1879 899 etiam
1896 850 1990 898 Dei

316 923 538 990 qua-dam.
556 937 813 988 quanquam
829 922 1100 984 generaliter
1113 920 1297 984 prolatae
1319 957 1330 975 ‚
1351 919 1538 965 tacitam
1559 916 1726 963 habent
1750 916 1991 977 exceptio·-

319 1004 424 1035 nem
439 986 617 1034 summac
637 983 904 1030 necessitatis
919 984 1071 1046 :quod
1088 984 1146 1030 de
1162 983 1264 1048 lege
1281 980 1446 1029 sabbati
1459 979 1993 1030 Hasamonaeorumtem-

317 1049 507 1115 poribus
525 1053 552 1096 a
566 1046 835 1112 sapientibus
850 1045 1083 1094 definitum
1104 1046 1189 1092 fuit
1206 1063 1217 1093 :
1235 1044 1353 1092 unde
1370 1042 1538 1090 dictum
1556 1041 1762 1092 celebre:
1779 1044 1994 1103 periculum

319 1121 453 1162 anima
481 1116 637 1180 impellit
644 1113 884 1170 sabbatum:
916 1113 965 1156 &
983 1108 1153 1156 Iudaeus
1165 1107 1286 1168 apud
1318 1106 1550 1169 Syncsium
1576 1104 1757 1153 causam
1783 1099 1996 1167 neglestae

319 1177 431 1239 legis
448 1173 508 1221 de
525 1172 711 1220 sabbato
730 1172 845 1218 hanc
862 1172 1014 1219 reddit
1034 1190 1045 1221 ;
1064 1174 1089 1202 *
1110 1173 1243 1226 σαΦῶς
1262 1171 1361 1232 ὼὶς
1375 1167 1507 1224 ψυχῖἰς
1519 1162 1650 1222 θ’ἔομᾶμ
1667 1185 1678 1217 ζ
1698 1174 1739 1216 in
1753 1167 1997 1223 tertiffimum

321 1227 408 1285 viia
421 1240 631 1299 periculum
646 1238 960 1294 adduc‘lisumus.
979 1237 1090 1299 Qae
1104 1236 1316 1296 exceptio
1333 1234 1525 1297 probata
1538 1232 1598 1280 est
1612 1230 1688 1293 ipfi
1707 1226 1891 1278 Christo
1921 1241 1998 1277 :ut

322 1304 370 1348 &
389 1303 433 1347 in
449 1301 550 1363 lege
585 1298 726 1346 altera
748 1296 806 1342 de
825 1313 916 1343 non
933 1298 1120 1346 edendis
1138 1296 1323 1360 panibus
1338 1295 1669 1361 propositionis.
1703 1292 1764 1340 Et
1778 1289 2002 1360 Hebraeo·

325 1380 428 1411 rum
443 1361 637 1424 magistri
655 1358 827 1422 legibus
844 1360 904 1406 de
918 1361 1030 1408 cibis
1047 1363 1213 1416 vetitis,
1235 1358 1416 1422 aliisque
1434 1358 1658 1406 nonnullis
1675 1372 1734 1404 ex
1749 1368 1893 1403 veteri
1905 1369 2001 1402 tra·-

326 1424 500 1472 ditione
517 1423 706 1470 eandem
720 1420 894 1469 addunt
911 1426 1245 1488 exceptionem,
1261 1422 1380 1473 reste
1398 1421 1584 1487 quidem
1604 1439 1616 1470 ε
1634 1435 1729 1466 non
1746 1416 1875 1482 quod
1889 1416 2000 1465 Deo

333 1491 399 1534 'us
411 1504 501 1534 non
527 1485 579 1532 fit
597 1486 653 1532 ad
671 1499 841 1532 certam
858 1503 1064 1534 mortem
1083 1486 1356 1534 subeundam
1377 1502 1460 1532 nos
1477 1485 1767 1548 obstringere,
1783 1479 1858 1528 sed
1874 1478 2001 1543 quod

328 1505 456 1614 leges
475 1548 679 1613 quadam
695 1549 788 1606 ejus
802 1548 884 1601 sint
903 1551 1173 1614 argumenti,
1189 1564 1239 1596 ut
1261 1566 1351 1596 non
1367 1548 1588 1597 credibile
1607 1547 1659 1594 sit
1675 1544 1806 1592 datas
1822 1557 1882 1590 ex
1898 1558 1996 1592 tam

332 1611 484 1696 rigida
511 1612 760 1659 voluntate.
794 1613 920 1673 quod
949 1616 994 1662 in
1022 1612 1196 1676 legibus
1217 1612 1420 1661 humanis
1447 1612 1591 1674 magis
1617 1610 1756 1657 etiam
1773 1604 2003 1670 procedit.

331 1676 449 1735 hon
464 1691 517 1721 ne
553 1691 582 1721 o
610 1678 636 1721 a
664 1673 764 1737 lege
794 1676 934 1721 etiam
962 1677 1157 1723 humana
1181 1673 1401 1738 quosdam
1432 1674 1610 1721 virtutis
1622 1671 1744 1720 aetus
1757 1669 1879 1734 posse
1892 1684 2006 1732 prae-

333 1741 422 1802 cipi
444 1778 454 1795 ,
475 1691 551 1784 sug
569 1750 697 1783 certo
713 1739 874 1785 mortis
888 1739 1089 1801 periculo
1110 1778 1121 1793 ,
1137 1753 1188 1785 ut
1205 1741 1228 1768 *
1246 1736 1304 1784 de
1321 1737 1512 1784 statione
1524 1752 1616 1783 non
1632 1732 1877 1782 deserenda
1893 1752 1910 1791 3
1927 1729 2007 1779 sed

335 1819 417 1848 nec
445 1815 617 1848 temere
644 1815 696 1845 ea
725 1800 935 1848 voluntas
967 1802 1116 1866 legem
1149 1799 1386 1847 condentis
1404 1798 1803 1863 fuisseintelligitur
1825 1835 1838 1852 ,
1855 1810 2002 1858 neque

337 1864 550 1911 videntur
568 1862 774 1909 homines
799 1864 844 1914 in
860 1862 903 1910 se
923 1901 934 1920 ,
954 1866 1002 1911 δε
1021 1865 1134 1911 alios
1148 1878 1325 1911 tantum
1356 1864 1423 1922 jus
1440 1861 1652 1923 accepisse
1669 1901 1680 1919 ‚
1699 1861 1773 1908 nisi
1791 1872 2010 1921 quatenus

334 1926 509 1977 summa
525 1923 754 1973 necessitas
781 1925 830 1974 id
846 1927 1010 1990 exigat.
1046 1927 1170 1975 Ferri
1187 1928 1307 1973 enim
1316 1925 1439 1989 leges
1451 1925 1507 1972 ab
1525 1924 1784 1972 hominibus
1799 1922 1944 1971 solent
1958 1922 2009 1968 &

336 1990 506 2036 debent
536 2003 642 2034 cum
670 1986 793 2034 sensu
824 1989 1026 2038 humanae
1057 1989 1394 2043 imbecillitatis.
1435 1986 1545 2035 Haec
1585 2001 1737 2035 autem
1753 1988 1830 2033 lex
1847 1984 1905 2032 de
1918 2000 2009 2047 qua

339 2054 515 2117 agimus
533 2049 730 2115 pendere
742 2051 927 2099 videtur
945 2068 972 2101 a
986 2053 1221 2099 voluntate
1237 2068 1400 2098 eorum
1414 2090 1424 2107 ‚
1443 2052 1520 2114 qui
1538 2050 1580 2097 se
1597 2051 1792 2115 primum
1806 2050 1852 2095 in
1868 2047 2011 2095 socie-

342 2129 487 2161 tatem
499 2112 680 2162 civilem
696 2114 955 2162 consociant
977 2152 989 2170 ,
1010 2117 1037 2162 a
1054 2113 1213 2177 quibus
1231 2117 1299 2174 jus
1312 2130 1454 2177 porro
1473 2113 1530 2160 ad
1556 2115 1826 2177 imperantes
1841 2123 2014 2157 manat.

342 2176 408 2226 Hi
430 2191 542 2223 vero
557 2175 587 2221 si
606 2176 991 2240 interrogarentur
1007 2192 1063 2223 an
1078 2177 1218 2223 velint
1233 2177 1440 2223 omnibus
1459 2178 1548 2223 hoc
1563 2192 1677 2223 onus
1690 2177 1942 2237 imponere,
1962 2186 2013 2219 ut

347 2239 469 2286 mori
484 2250 739 2302 praeoptent
757 2275 770 2293 ,
800 2255 936 2300 quam
951 2239 1045 2285 ullo
1062 2239 1161 2286 casu
1179 2240 1271 2286 vim
1290 2238 1571 2302 superiorum
1588 2238 1725 2285 armis
1740 2252 1892 2284 arcere
1910 2273 1921 2291 ‚
1938 2249 2015 2281 ne-

342 2301 434 2348 scio
448 2317 504 2348 an
522 2301 638 2348 velle
650 2297 693 2346 se
711 2300 792 2346 sint
805 2301 1070 2364 responsuri,
1088 2301 1163 2349 nisi
1181 2301 1305 2348 forte
1320 2318 1425 2349 cum
1438 2300 1530 2347 hoc
1547 2299 1875 2356 additamento,
1897 2297 1927 2344 si
1940 2313 2014 2345 re-

343 2363 426 2415 fisti
440 2378 633 2427 nequeat
653 2401 665 2420 ‚
682 2362 756 2410 nisi
774 2378 880 2411 cum
890 2367 1093 2412 maxima
1115 2367 1176 2411 rei
1211 2364 1363 2411 ublicae
1381 2363 1719 2426 perturbatione
1736 2401 1748 2420 ,
1774 2377 1851 2416 aut
1868 2362 2013 2409 exitio

343 2427 651 2491 plurimorum
681 2427 1006 2476 innocentium.
1103 2381 1208 2473 nod,
1224 2429 1343 2473 enim
1371 2425 1452 2473 tali
1486 2425 1811 2473 circumstantia
1840 2426 2016 2473 caritas

344 2489 695 2546 commendaret
729 2527 740 2544 ‚
759 2488 807 2535 id
825 2493 869 2537 in
886 2489 1036 2552 legem
1055 2506 1237 2552 quoque
1254 2491 1495 2535 humanam
1513 2487 1675 2536 deduci
1688 2490 1810 2551 posse
1828 2503 1917 2535 non
1929 2486 2018 2534 du-.

345 2552 462 2601 bito.
483 2553 623 2600 Dicat
640 2552 797 2613 aliquis
811 2591 823 2609 ,
843 2549 1038 2617 rigidam
1057 2553 1179 2600 illam
1193 2552 1520 2616 obligationem
1540 2587 1550 2601 ,
1570 2566 1767 2599 mortem
1785 2551 1935 2614 potius
1946 2549 2019 2596 fe-

347 2614 492 2670 rendi,
509 2630 646 2677 quam
657 2614 794 2660 ullam
809 2631 1006 2676 unquam
1034 2615 1314 2677 superiorum
1330 2615 1538 2674 injuriam
1552 2614 1823 2678 repellendi,
1849 2629 1940 2665 non
1959 2628 2017 2659 ex

345 2678 446 2740 lege
461 2680 654 2725 humana
672 2715 682 2733 ‚
714 2676 787 2724 sed
800 2678 956 2725 divina
1006 2678 1206 2724 toficisci.
1237 2675 1327 2724 Sed
1346 2677 1593 2724 notandum
1611 2677 1684 2728 est,
1701 2680 1853 2740 primo
1865 2676 2019 2722 homi·

348 2756 425 2786 nes
442 2756 532 2787 non
550 2741 638 2787 Dei
657 2754 898 2802 praecepto,
915 2695 1001 2786 sed,
1013 2738 1166 2804 sponte
1179 2738 1400 2787 addustos
1412 2742 1724 2803 experimento
1745 2740 2019 2787 infirmitatis

352 2801 630 2853 familiarum
660 2801 896 2867 segregum
929 2803 1144 2855 adversus
1176 2803 1440 2851 violentiam
1459 2841 1469 2858 ‚
1487 2803 1531 2849 in
1559 2803 1820 2851 societatem
1836 2802 2019 2850 civilem

352 2863 504 2912 coiisse
521 2902 532 2919 ,
551 2864 669 2910 unde
690 2880 845 2912 ortum
864 2864 998 2921 habet
1019 2866 1208 2928 potestas
1221 2866 1392 2918 civilis,
1412 2881 1544 2927 quarn
1572 2866 1677 2913 ideo
1691 2867 1929 2914 humanam
1945 2880 2021 2915 or-

353 2925 635 2973 dinationem
655 2926 814 2974 Petrus
838 2943 975 2975 vocat
993 2945 1002 2975 ε
1019 2945 1276 2990 quanquam
1290 2927 1393 2974 alibi
1413 2932 1461 2972 δε
1475 2927 1625 2975 divina
1637 2929 1866 2976 ordinatio
1882 2943 2020 2974 voca-

355 3004 429 3035 tur
449 3028 459 3045 ‚
484 2991 590 3050 quia
617 2991 856 3038 hominum
891 2990 1063 3037 salubre
1078 2992 1326 3039 institutum
1342 2991 1468 3038 Deus
1480 2990 1703 3053 probavit.
1727 2992 1853 3042 Deus
1869 3004 2022 3041 autem

348 3052 592 3098 humanam
611 3051 757 3113 legem
775 3052 974 3115 probans
989 3053 1191 3101 censetur
1213 3054 1409 3117 probare
1437 3067 1485 3098 ut
1506 3052 1805 3104 humanam&
1821 3054 2022 3100 humano

349 3115 514 3160 modo.
545 3113 776 3174 Barclajus
809 3117 921 3179 regii
939 3118 1117 3176 imperii
1135 3116 1324 3164 assertor
1343 3115 1609 3163 fortissimus
1625 3156 1637 3173 ,
1667 3118 1752 3166 huc
1770 3131 1922 3164 tamen
1940 3114 2027 3160 de«

347 3176 512 3222 scemiit
538 3215 548 3231 ,
563 3192 610 3222 ut
629 3177 801 3239 populo
820 3178 1038 3240 &insigni
1061 3182 1157 3239 ejus
1171 3182 1286 3241 parti
1305 3181 1372 3237 jus
1392 3178 1612 3226 concedat
1626 3178 1669 3225 se
1686 3179 1846 3227 tuendi
1859 3177 2020 3224 adver·

347 3238 413 3284 sus
429 3241 675 3285 immanem
713 3239 924 3286 saevitiam
941 3261 956 3297 3
971 3256 1075 3286 cnm
1105 3256 1256 3288 tamen
1286 3241 1377 3304 ipse
1399 3240 1599 3289 fateatur
1631 3256 1783 3288 totum
1802 3239 2023 3305 populum

159 3305 255 3359 &svb
271 3342 299 3362 c·
349 3302 441 3361 regi
482 3300 709 3349 subditum
736 3301 838 3348 esse.
874 3302 974 3365 Ego
997 3301 1130 3349 facile
1154 3305 1360 3367 intelligo
1377 3318 1469 3365 quo
1485 3303 1753 3373 plurisestid
1767 3302 1895 3367 quod
1909 3317 2022 3348 con-1

121 3382 138 3407 2
152 3382 179 3417 3.
196 3374 234 3405 Φ*
250 3383 308 3413 24.
349 3363 551 3415 servatur
564 3403 577 3421 ,
596 3380 655 3415 eo
674 3366 903 3426 majorem
921 3364 1009 3413 esse
1027 3368 1284 3429 aequitatem
1297 3403 1311 3427 ,Ι
1330 3382 1424 3429 quae
1434 3364 1646 3414 adversus
1661 3366 1772 3432 legis
1783 3364 1921 3415 verba
1935 3378 2021 3409 ex-.

1841 3426 2021 3487 'ceptio-
