2475 3854
1006 276 1419 322 INDEX.

361 345 471 392 Bella
487 348 564 392 fine
575 348 669 392 ullis
681 350 821 395 caulis,
835 347 988 392 feritas.
1095 365 1117 403 3
1125 352 1168 398 85

359 404 472 447 Bella
484 419 533 446 ex
547 406 671 447 caufis
685 404 867 466 suasoriis
883 438 895 458 ‚
931 419 1014 447 non
1026 403 1165 458 justifi-

354 461 827 571 Belllg’grlaegiasc‘ipliznda
868 515 924 558 ob
950 466 1167 558 ὀεΙίἂαΞξιξ

412 571 562 611 Deum.
1087 583 1167 623 340

355 624 467 668 Bella
481 638 555 677 pro
570 624 734 668 subditis
751 625 854 679 justa
870 643 881 668 ε
911 627 957 670 &
972 639 1022 668 an
1036 624 1166 670 neces-

410 677 513 720 sario
530 680 786 734 suscipienda.
1086 695 1159 730 411

355 735 468 778 Bella
481 736 536 776 ob
549 736 655 778 leves
668 735 805 777 causas
820 736 981 778 vitiosa.
1084 750 1161 787 402

354 790 468 832 Bella
482 789 580 840 iusta
596 803 686 832 ante
703 791 879 833 Mosem.
1113 805 1161 841 17

355 845 576 941 Bellzhjusta
590 846 720 889 Mofis
731 859 843 889 extra
856 845 993 888 causas
1015 845 1038 886 a
1069 845 1161 942 123>

426 915 450 940 u
483 914 540 944 ἧς.
1068 917 1082 941 Ζ
1108 917 1121 941 l
1155 931 1165 942 .

357 914 470 1000 BeJlla
495 955 683 1016 improba
707 957 976 1000 Hebraeorum
1014 955 1163 1011 postre-

410 1012 490 1053 mis
503 1012 783 1065 temporibus.¹
1110 1025 1164 1063 30

355 1065 468 1110 Bella
483 1068 536 1107 ob
551 1067 707 1122 legatos
723 1066 913 1110 violatos.
928 1081 1018 1121 300.
1037 1065 1091 1107 ob
1109 1066 1162 1108 se-

406 1121 614 1176 peliendos
629 1133 832 1165 mortuos.
998 1129 1089 1175 384·
1107 1123 1162 1164 ob

408 1190 589 1230 poenam.
1082 1192 1103 1229 3
1111 1192 1161 1229 37

353 1232 714 1287 Beujaminitarum
738 1245 834 1273 cum
861 1229 1012 1274 caeteris
1039 1231 1167 1274 Israe-

407 1287 492 1330 litis
507 1288 791 1331 controversia.
1086 1300 1165 1337 244

352 1343 555 1405 Beneficia
596 1342 789 1397 principis
818 1355 868 1385 an
897 1343 1040 1385 durent
1079 1345 1165 1396 post

407 1412 492 1453 ejus
505 1410 696 1440 mortem.
1087 1409 1164 1440 260

351 1453 556 1500 Beneficia
574 1454 801 1509 principum
815 1467 865 1496 an
882 1453 1032 1508 semper
1046 1467 1163 1495 revo-

407 1509 487 1551 cari
506 1508 665 1563 poffint.
1085 1519 1165 1551 260

351 1564 555 1607 Beneficia
570 1566 734 1621 Regum
751 1563 1014 1619 quotuplicia.
1069 1563 1162 1605 ibid.

351 1619 557 1716 Begeficia
584 1620 767 1675 quaedam
794 1620 948 1676 ignotis
985 1618 1162 1660 tribuen-

435 1690 478 1718 α.
1084 1684 1162 1716 266

351 1729 556 1773 Beneficia
584 1727 707 1771 etiam
734 1728 853 1770 malis
876 1727 1022 1771 debent
1038 1729 1163 1772 Chri-

406 1785 534 1828 stiani.
1087 1791 1162 1827 268

351 1839 394 1884 in
409 1839 624 1884 Beneficiis
652 1837 903 1881 conferendis
932 1839 1078 1893 gradus
1092 1843 1166 1880 ob-

406 1894 602 1938 servandi.
1070 1895 1160 1937 ibid.

350 1951 491 1996 Bestiae
522 1950 715 1992 dominus
741 1962 791 1991 au
819 1963 869 1991 ex
898 1947 1007 1990 facio
1037 1949 1167 1991 bestiae

407 2017 602 2048 teneatur.
1085 2019 1160 2057 293

351 2061 563 2116 publicum
578 2062 739 2103 Bonum
756 2057 913 2113 privato
941 2058 1167 2113 praehaben-

406 2117 520 2159 dum.
1114 2121 1162 2157 82

351 2172 467 2216 Boua
483 2171 591 2213 avita
605 2169 645 2212 in
667 2167 903 2212 succeffione
916 2169 1167 2225 distinguun-

1613 354 1668 399 C.

1330 460 1463 505 AElare
1482 463 1595 518 qnid.
1950 487 2036 526 230

1330 517 1557 562 C.Caesaris
1571 519 1719 563 bellum
1731 520 1772 564 in
1783 523 2032 571 Ariovistum

1280 572 1410 624 quale.
1951 597 1996 629 45
2005 598 2027 634 3

1225 625 1435 669 Cananaeis
1458 626 1495 669 se
1523 629 1756 675 dedentibus
1769 648 1929 688 parcere
1958 651 2030 690 po-

1280 693 1446 725 tuerunt
1463 683 1661 727 Israelitae.
1951 704 2029 741 244

1225 735 1414 798 Canones
1442 739 1538 793 quid
1567 742 1806 785 constituant
1834 744 1941 787 circa
1957 761 2028 799 po-

1278 793 1516 844 pulationes.
1951 815 1966 850 5
1977 817 1995 853 3
2002 817 2024 852 3

1226 845 1414 890 canones
1429 850 1477 892 de
1506 848 1624 892 servis
1653 854 1865 906 quomodo
1880 855 2028 898 intelli-

1275 904 1411 957 gendi.
1945 925 2024 963 493

1224 957 1380 1017 Capere
1393 959 1500 1000 bello
1516 963 1726 1015 quomodo
1742 966 1786 1006 fit
1801 976 1939 1007 contra
1955 981 2021 1008 ca-

1275 1025 1454 1056 ritatem.
1950 1036 2025 1070 54²-

1223 1065 1378 1128 Capere
1407 1069 1592 1113 homines
1621 1071 1664 1114 in
1692 1073 1800 1116 bello
1831 1085 2026 1129 quatenus

1276 1125 1406 1165 hceat.
1948 1145 2022 1183 543

1223 1175 1431 1238 Capienda
1456 1195 1535 1223 non
1565 1181 1652 1223 sunt
1691 1186 1799 1227 bona
1836 1185 2027 1226 innocen-

1277 1246 1383 1275 tium
1401 1265 1412 1281 ,
1428 1237 1452 1277 fi
1469 1251 1517 1277 ex
1532 1237 1781 1281 debitoribus
1798 1240 2027 1294 principali-

1278 1290 1352 1331 bus
1378 1291 1556 1334 nostrum
1582 1293 1769 1348 consequi
1810 1294 2026 1348 possumus.

1942 1365 1958 1397 5
1971 1365 2022 1398 42

1225 1398 1373 1452 Capita
1386 1413 1534 1443 rerum.
1952 1420 1967 1452 ς
1981 1419 2027 1455 17

1225 1454 1430 1515 Capitalia
1444 1458 1624 1511 quaedam
1640 1458 1781 1502 delicta
1796 1458 1881 1512 post
1898 1459 2028 1500 Euan-

1278 1511 1432 1566 gelium
1452 1514 1723 1566 praedicatum.
1974 1531 1992 1555 2
2005 1529 2023 1562 5

1225 1565 1430 1617 Capitales
1444 1569 1698 1623 cognitiones
1713 1582 1784 1611 cur
1798 1566 2029 1624 defugerint

1278 1621 1511 1665 Christiani.
1974 1640 2025 1676 32

1225 1676 1347 1730 Capti
1363 1679 1524 1730 quando
1539 1674 1679 1731 poffiut
1692 1676 1876 1721 interfici.
1953 1695 1967 1724 ς
1978 1694 2027 1732 23

1226 1731 1379 1785 Captio
1411 1733 1696 1775 Romanorum
1725 1734 1909 1776 adversus
1927 1735 2029 1777 Car-

1279 1787 1556 1842 thaginienses.
1949 1806 1968 1830 2
1978 1795 2028 1830 So

1227 1842 1475 1894 Captionum
1492 1843 1687 1895 exempla.
1950 1854 2030 1894 276

1227 1897 1426 1949 Captivus
1446 1898 1551 1939 idem
1570 1897 1749 1951 pluribus
1773 1898 1945 1953 pretium
1960 1900 2029 1940 de-

1279 1953 1371 1992 bere
1389 1953 1527 2005 potest.
1953 1969 1968 1999 5
1978 1960 2026 2000 98

1227 2007 1424 2059 Captivus
1443 2021 1491 2048 an
1523 2007 1651 2048 redire
1666 2008 1807 2049 debeat
1825 2038 1834 2052 ,
1861 2021 2029 2050 mortuo

1278 2076 1344 2111 eo,
1361 2075 1483 2115 quem
1500 2063 1696 2104 redimere
1710 2065 1893 2104 debebat.
1954 2067 2027 2109 598

1226 2116 1393 2170 Captivi
1422 2118 1656 2169 promissum
1670 2118 1718 2159 de
1744 2118 1873 2159 reditu
1889 2119 1928 2159 in
1946 2133 2032 2158 car-

1278 2186 1411 2214 cerem
1427 2175 1543 2214 valer.
1952 2183 2026 2221 605

407 2238 474 2268 tur
487 2229 508 2267 a
523 2226 681 2267 noviter
696 2224 879 2277 quaefitis.
916 2230 1003 2266 180.
1019 2227 1166 2278 quibus
1189 2256 1192 2276 ,
1226 2227 1391 2280 Captivi
1411 2242 1470 2268 res
1487 2261 1497 2278 ,
1515 2229 1580 2269 uili
1597 2226 1852 2281 apprehensae‚
1868 2241 1947 2268 non
1964 2241 2034 2267 ac.

405 2281 641 2323 naturaliter
656 2279 791 2321 relicta
805 2278 1040 2321 censeantur.
1088 2296 1102 2320 1
1114 2287 1164 2322 80
1188 2285 1192 2318 1

353 2339 466 2381 Bona
482 2338 641 2378 noviter
655 2335 811 2389 quaesitn
834 2336 1067 2376 naturaliter
1081 2349 1163 2375 cre-

404 2392 556 2433 duntur
573 2390 762 2445 proximo
778 2388 929 2430 relicta.
1090 2396 1163 2432 180

1276 2283 1505 2335 quiruntur.
1952 2288 2025 2327 598

1223 2338 1390 2389 Captivi
1418 2351 1592 2392 quorum
1621 2336 1660 2377 in
1693 2335 1883 2389 potestate
1922 2350 2027 2377 nnnc

1276 2394 1360 2435 finn
1943 2405 2023 2440 494

353 2449 469 2492 Bona
494 2447 730 2507 legatorum
758 2457 806 2485 an
821 2442 961 2496 poffint
976 2457 1048 2497 pro
1065 2445 1164 2485 deli·
1223 2446 1391 2501 Captivi
1419 2445 1550 2488 occidi
1594 2444 1689 2486 belli
1724 2444 1814 2497 jure
1855 2444 2026 2497 poss'unt.

408 2503 476 2544 &o
493 2514 595 2553 capi.
1085 2516 1105 2540 2
1113 2515 1160 2547 99

352 2557 468 2602 Bona
494 2555 750 2597 subditorum
777 2567 826 2594 ex
854 2552 962 2594 fano
988 2553 1164 2614 superio-

407 2625 499 2653 rum
531 2609 767 2666 obligantur
792 2623 839 2649 ex
860 2607 949 2661 jure
964 2620 1159 2665 gentium.

625 2717 636 2724 ,
669 2718 710 2725 ,,
870 2716 880 2726 ,
1079 2678 1162 2724 A44

352 2721 467 2770 Bona
494 2720 582 2774 jure
599 2719 711 2761 civili
728 2750 739 2768 ,
772 2728 841 2759 aut
870 2731 954 2768 lure
979 2731 1163 2774 gentium

407 2776 567 2830 quaefita
594 2787 706 2828 aeque
733 2773 956 2815 alienantur
979 2775 1028 2815 ¹in
1057 2789 1164 2829 pace.

1087 2846 1102 2878 5
1140 2837 1164 2868 6

356 2883 562 2928 1382aean
580 2897 667 2937 quae
686 2882 903 2926 Aristoteli.
1110 2845 1161 2931 ξι

358 2940 654 2982 Brabantorum
684 2938 748 2978 lex
777 2950 920 2981 contra
951 2937 1099 2980 liberos
1117 2953 1164 2979 ex

411 2991 591 3032 secundis
612 2992 778 3043 nuptiis.
1091 3009 1165 3044 179

356 3046 523 3093 Brafidae
536 3047 706 3091 dietum⁰
1084 3061 1133 3098 42
1142 3054 1161 3090 8

1945 2511 2025 2547 460

1224 2556 1391 2610 Captivi
1423 2569 1471 2597 an
1499 2553 1644 2607 quovis
1683 2564 1865 2608 tempore
1894 2555 2027 2595 occidi

1277 2610 1431 2664 poffitit.
1932 2610 2023 2650 ilud.

1223 2667 1270 2708 de
1299 2663 1482 2719 Captivis
1511 2664 1554 2703 &
1589 2663 1704 2704 rebus
1727 2676 1793 2703 cur
1808 2662 2027 2715 specialiter

1277 2718 1484 2762 conveniri
1499 2718 1655 2758 debeat.
1949 2733 2027 2764 500

1224 2776 1494 2830 Captivorum
1511 2771 1721 2814 redemtio.
1744 2777 1830 2820 548.
1860 2784 2021 2823 permu-

1275 2831 1395 2877 tatio,¹
1949 2833 2022 2874 548

1224 2884 1495 2937 Captivorum
1523 2880 1719 2924 redemtio
1733 2894 1851 2933 quam
1868 2879 2026 2922 favora-

1278 2939 1380 2981 bilis.
1949 2950 2022 2984 597

1227 2993 1497 3047 Captivorum
1513 2990 1672 3043 posteri,
1692 2988 1803 3030 servi.
1946 3004 2021 3037 ⁴³91

1229 3048 1497 3102 Captivorum
1515 3045 1828 3098 redemptionem
1843 3055 1929 3097 quae
1960 3058 2029 3083 ve-

1280 3115 1362 3143 tant
1375 3100 1683 3156 leges,anjustae.
1832 3150 1841 3159 ⁸
1945 3113 2021 3147 597

1224 3157 1494 3210 Captivorum
1509 3157 1611 3195 bona
1630 3155 1817 3195 Romano
1830 3164 1914 3206 jure
1928 3152 2036 3199 fisco,

1277 3210 1466 3255 cedunt,st
1483 3210 1595 3250 heres
1610 3210 1742 3250 nullus
1756 3208 1813 3248 fit.
1948 3221 2021 3259 503

1223 3266 1381 3321 Captus
1396 3264 1466 3307 alii
1479 3265 1516 3305 se
1531 3263 1674 3306 dedere
1688 3276 1766 3305 non
1783 3261 1920 3316 potest.
1952 3272 2026 3304 605

1526 3319 1566 3364 R
1583 3331 1600 3356 r
1626 3332 1651 3369 3
1873 3315 2032 3369 Captus
