<?xml version="1.0" encoding="UTF-8"?>
<!DOCTYPE html PUBLIC "-//W3C//DTD XHTML 1.0 Transitional//EN"
    "http://www.w3.org/TR/xhtml1/DTD/xhtml1-transitional.dtd">
<html xmlns="http://www.w3.org/1999/xhtml" xml:lang="en" lang="en">
 <head>
  <title>
</title>
<meta http-equiv="Content-Type" content="text/html;charset=utf-8" />
  <meta name='ocr-system' content='tesseract 3.04.00' />
  <meta name='ocr-capabilities' content='ocr_page ocr_carea ocr_par ocr_line ocrx_word'/>
</head>
<body>
  <div class='ocr_page' id='page_1' title='image "./hugonisgrottiide010grotuoft_0255.png"; bbox 0 0 2475 3854; ppageno 0'>
   <div class='ocr_carea' id='block_1_1' title="bbox 790 242 2084 310">
    <p class='ocr_par' dir='ltr' id='par_1_1' title="bbox 790 242 2084 310">
     <span class='ocr_line' id='line_1_1' title="bbox 790 242 2084 310; baseline 0.014 -28"><span class='ocrx_word' id='word_1_1' title='bbox 790 242 1754 293; x_wconf 7' lang='lat' dir='ltr'>ncrwflcxs,1„13.11.</span> <span class='ocrx_word' id='word_1_2' title='bbox 2005 265 2084 310; x_wconf 73' lang='lat'>205</span> 
     </span>
    </p>
   </div>
   <div class='ocr_carea' id='block_1_2' title="bbox 395 305 2305 1621">
    <p class='ocr_par' dir='ltr' id='par_1_2' title="bbox 395 305 2305 1621">
     <span class='ocr_line' id='line_1_2' title="bbox 413 305 2076 373; baseline 0.009 -16"><span class='ocrx_word' id='word_1_3' title='bbox 413 305 791 357; x_wconf 85' lang='lat' dir='ltr'>Germanicarum</span> <span class='ocrx_word' id='word_1_4' title='bbox 823 310 1028 373; x_wconf 87' lang='lat' dir='ltr'>gentium</span> <span class='ocrx_word' id='word_1_5' title='bbox 1062 324 1195 356; x_wconf 84' lang='lat' dir='ltr'>more</span> <span class='ocrx_word' id='word_1_6' title='bbox 1208 344 1221 357; x_wconf 91' lang='lat'><strong>.</strong></span> <span class='ocrx_word' id='word_1_7' title='bbox 1280 311 1444 361; x_wconf 85' lang='lat' dir='ltr'>Paulus</span> <span class='ocrx_word' id='word_1_8' title='bbox 1470 315 1763 364; x_wconf 82' lang='lat' dir='ltr'>Warnafredi</span> <span class='ocrx_word' id='word_1_9' title='bbox 1794 319 1856 371; x_wconf 85' lang='lat' dir='ltr'>de</span> <span class='ocrx_word' id='word_1_10' title='bbox 1886 319 2076 371; x_wconf 87' lang='lat' dir='ltr'>Authari</span> 
     </span>
     <span class='ocr_line' id='line_1_3' title="bbox 410 370 2075 446; baseline 0.008 -27"><span class='ocrx_word' id='word_1_11' title='bbox 410 386 523 435; x_wconf 8' lang='lat' dir='ltr'>*rege</span> <span class='ocrx_word' id='word_1_12' title='bbox 544 370 961 436; x_wconf 84' lang='lat' dir='ltr'>Langobardorum</span> <span class='ocrx_word' id='word_1_13' title='bbox 980 386 994 419; x_wconf 73' lang='grc' dir='ltr'>ε</span> <span class='ocrx_word' id='word_1_14' title='bbox 1020 374 1138 435; x_wconf 62' lang='lat' dir='ltr'>Vfijue</span> <span class='ocrx_word' id='word_1_15' title='bbox 1151 376 1207 418; x_wconf 85' lang='lat' dir='ltr'>ad</span> <span class='ocrx_word' id='word_1_16' title='bbox 1217 392 1301 421; x_wconf 83' lang='lat' dir='ltr'>eam</span> <span class='ocrx_word' id='word_1_17' title='bbox 1317 376 1334 434; x_wconf 86' lang='lat'>(</span> <span class='ocrx_word' id='word_1_18' title='bbox 1345 376 1603 426; x_wconf 87' lang='lat' dir='ltr'>columnam</span> <span class='ocrx_word' id='word_1_19' title='bbox 1621 381 1665 426; x_wconf 87' lang='lat' dir='ltr'>in</span> <span class='ocrx_word' id='word_1_20' title='bbox 1680 384 1794 428; x_wconf 81' lang='lat' dir='ltr'>mari</span> <span class='ocrx_word' id='word_1_21' title='bbox 1811 385 1827 441; x_wconf 90' lang='lat'><em>)</em></span> <span class='ocrx_word' id='word_1_22' title='bbox 1849 404 1939 446; x_wconf 80' lang='lat' dir='ltr'>equo</span> <span class='ocrx_word' id='word_1_23' title='bbox 1942 390 2075 445; x_wconf 71' lang='lat' dir='ltr'>fidens</span> 
     </span>
     <span class='ocr_line' id='line_1_4' title="bbox 417 435 2075 506; baseline 0.007 -24"><span class='ocrx_word' id='word_1_24' title='bbox 417 435 557 491; x_wconf 65' lang='lat' dir='ltr'>accessit</span> <span class='ocrx_word' id='word_1_25' title='bbox 572 438 766 481; x_wconf 73' lang='lat' dir='ltr'>Autharis</span> <span class='ocrx_word' id='word_1_26' title='bbox 775 453 929 498; x_wconf 79' lang='lat' dir='ltr'>eamque</span> <span class='ocrx_word' id='word_1_27' title='bbox 942 438 989 480; x_wconf 83' lang='lat' dir='ltr'>de</span> <span class='ocrx_word' id='word_1_28' title='bbox 1012 436 1198 493; x_wconf 73' lang='lat' dir='ltr'><em>hastasuae</em></span> <span class='ocrx_word' id='word_1_29' title='bbox 1214 440 1362 498; x_wconf 69' lang='lat' dir='ltr'>cuspide</span> <span class='ocrx_word' id='word_1_30' title='bbox 1375 447 1503 500; x_wconf 80' lang='lat' dir='ltr'>tetigit</span> <span class='ocrx_word' id='word_1_31' title='bbox 1517 476 1530 491; x_wconf 94' lang='lat'><em>,</em></span> <span class='ocrx_word' id='word_1_32' title='bbox 1555 446 1681 488; x_wconf 79' lang='lat' dir='ltr'>dicens</span> <span class='ocrx_word' id='word_1_33' title='bbox 1699 480 1711 497; x_wconf 88' lang='lat'>,</span> <span class='ocrx_word' id='word_1_34' title='bbox 1755 449 1868 506; x_wconf 82' lang='lat' dir='ltr'><em>usque</em></span> <span class='ocrx_word' id='word_1_35' title='bbox 1884 449 1948 493; x_wconf 86' lang='lat' dir='ltr'>hic</span> <span class='ocrx_word' id='word_1_36' title='bbox 1961 464 2075 496; x_wconf 75' lang='lat' dir='ltr'>erunt</span> 
     </span>
     <span class='ocr_line' id='line_1_5' title="bbox 414 494 2074 567; baseline 0.01 -26"><span class='ocrx_word' id='word_1_37' title='bbox 414 499 755 556; x_wconf 73' lang='lat' dir='ltr'><em>Langobardorum</em></span> <span class='ocrx_word' id='word_1_38' title='bbox 774 498 882 556; x_wconf 83' lang='lat' dir='ltr'>fines.</span> <span class='ocrx_word' id='word_1_39' title='bbox 922 494 1110 545; x_wconf 86' lang='lat' dir='ltr'>fimilem</span> <span class='ocrx_word' id='word_1_40' title='bbox 1131 496 1361 545; x_wconf 88' lang='lat' dir='ltr'>historiam</span> <span class='ocrx_word' id='word_1_41' title='bbox 1376 498 1512 548; x_wconf 87' lang='lat' dir='ltr'>habes</span> <span class='ocrx_word' id='word_1_42' title='bbox 1529 502 1589 549; x_wconf 89' lang='lat' dir='ltr'>de</span> <span class='ocrx_word' id='word_1_43' title='bbox 1620 503 1774 552; x_wconf 89' lang='lat' dir='ltr'>lancea</span> <span class='ocrx_word' id='word_1_44' title='bbox 1786 522 1872 567; x_wconf 88' lang='lat' dir='ltr'>qua</span> <span class='ocrx_word' id='word_1_45' title='bbox 1885 509 1930 554; x_wconf 91' lang='lat' dir='ltr'>in</span> <span class='ocrx_word' id='word_1_46' title='bbox 1946 524 2074 556; x_wconf 86' lang='lat' dir='ltr'>mare</span> 
     </span>
     <span class='ocr_line' id='line_1_6' title="bbox 413 555 2072 634; baseline 0.009 -30"><span class='ocrx_word' id='word_1_47' title='bbox 413 555 529 618; x_wconf 66' lang='lat' dir='ltr'>§asta</span> <span class='ocrx_word' id='word_1_48' title='bbox 555 557 682 606; x_wconf 88' lang='lat' dir='ltr'>Otto</span> <span class='ocrx_word' id='word_1_49' title='bbox 718 557 971 622; x_wconf 85' lang='lat' dir='ltr'>Imperator</span> <span class='ocrx_word' id='word_1_50' title='bbox 999 559 1107 605; x_wconf 82' lang='lat' dir='ltr'>fines</span> <span class='ocrx_word' id='word_1_51' title='bbox 1135 559 1314 622; x_wconf 88' lang='lat' dir='ltr'>imperii</span> <span class='ocrx_word' id='word_1_52' title='bbox 1340 562 1385 608; x_wconf 91' lang='lat' dir='ltr'>in</span> <span class='ocrx_word' id='word_1_53' title='bbox 1410 561 1535 612; x_wconf 87' lang='lat' dir='ltr'>freto</span> <span class='ocrx_word' id='word_1_54' title='bbox 1565 565 1743 613; x_wconf 84' lang='lat' dir='ltr'>Baltico</span> <span class='ocrx_word' id='word_1_55' title='bbox 1774 567 2003 634; x_wconf 71' lang='lat' dir='ltr'>designare</span> <span class='ocrx_word' id='word_1_56' title='bbox 2025 571 2072 619; x_wconf 89' lang='lat' dir='ltr'>se</span> 
     </span>
     <span class='ocr_line' id='line_1_7' title="bbox 413 618 1343 682; baseline 0.002 -15"><span class='ocrx_word' id='word_1_57' title='bbox 413 619 545 670; x_wconf 82' lang='lat' dir='ltr'>dixit,</span> <span class='ocrx_word' id='word_1_58' title='bbox 563 621 683 682; x_wconf 89' lang='lat' dir='ltr'>apud</span> <span class='ocrx_word' id='word_1_59' title='bbox 703 618 935 668; x_wconf 84' lang='lat' dir='ltr'>Saxonem</span> <span class='ocrx_word' id='word_1_60' title='bbox 948 619 1068 668; x_wconf 85' lang='lat' dir='ltr'>libro</span> <span class='ocrx_word' id='word_1_61' title='bbox 1082 636 1128 676; x_wconf 70' lang='grc' dir='ltr'>Χ,</span> <span class='ocrx_word' id='word_1_62' title='bbox 1149 622 1197 667; x_wconf 75' lang='grc' dir='ltr'>δε</span> <span class='ocrx_word' id='word_1_63' title='bbox 1213 621 1343 671; x_wconf 81' lang='lat' dir='ltr'>alios.</span> 
     </span>
     <span class='ocr_line' id='line_1_8' title="bbox 479 682 2305 754; baseline 0.008 -25"><span class='ocrx_word' id='word_1_64' title='bbox 479 687 598 743; x_wconf 73' lang='lat' dir='ltr'>Qod</span> <span class='ocrx_word' id='word_1_65' title='bbox 622 687 650 730; x_wconf 71' lang='grc' dir='ltr'><em>ὰ</em></span> <span class='ocrx_word' id='word_1_66' title='bbox 677 687 893 739; x_wconf 59' lang='lat' dir='ltr'>Romanis]</span> <span class='ocrx_word' id='word_1_67' title='bbox 929 700 1033 732; x_wconf 88' lang='lat' dir='ltr'>cum</span> <span class='ocrx_word' id='word_1_68' title='bbox 1050 682 1210 744; x_wconf 87' lang='lat' dir='ltr'>quibus</span> <span class='ocrx_word' id='word_1_69' title='bbox 1226 685 1453 733; x_wconf 84' lang='lat' dir='ltr'>consentit</span> <span class='ocrx_word' id='word_1_70' title='bbox 1475 703 1518 733; x_wconf 91' lang='lat' dir='ltr'>c.</span> <span class='ocrx_word' id='word_1_71' title='bbox 1540 704 1597 754; x_wconf 87' lang='lat'>31</span> <span class='ocrx_word' id='word_1_72' title='bbox 1625 688 1786 739; x_wconf 87' lang='lat' dir='ltr'>Caroli</span> <span class='ocrx_word' id='word_1_73' title='bbox 1807 692 1941 740; x_wconf 84' lang='lat' dir='ltr'>Calvi</span> <span class='ocrx_word' id='word_1_74' title='bbox 1958 693 2068 741; x_wconf 82' lang='lat' dir='ltr'>Edi·</span> <span class='ocrx_word' id='word_1_75' title='bbox 2091 697 2130 754; x_wconf 76' lang='lat'>§-</span> <span class='ocrx_word' id='word_1_76' title='bbox 2144 704 2305 743; x_wconf 75' lang='lat' dir='ltr'><strong>xv111·</strong></span> 
     </span>
     <span class='ocr_line' id='line_1_9' title="bbox 413 742 2066 818; baseline 0.011 -30"><span class='ocrx_word' id='word_1_77' title='bbox 413 742 492 788; x_wconf 66' lang='lat' dir='ltr'>(Ito</span> <span class='ocrx_word' id='word_1_78' title='bbox 509 744 700 793; x_wconf 87' lang='lat' dir='ltr'>Pistenfi.</span> <span class='ocrx_word' id='word_1_79' title='bbox 736 746 795 794; x_wconf 89' lang='lat' dir='ltr'>de</span> <span class='ocrx_word' id='word_1_80' title='bbox 808 746 1003 794; x_wconf 83' lang='lat' dir='ltr'>aliorum</span> <span class='ocrx_word' id='word_1_81' title='bbox 1033 747 1154 793; x_wconf 84' lang='lat' dir='ltr'>circa</span> <span class='ocrx_word' id='word_1_82' title='bbox 1171 747 1284 794; x_wconf 87' lang='lat' dir='ltr'>hanc</span> <span class='ocrx_word' id='word_1_83' title='bbox 1300 763 1399 796; x_wconf 88' lang='lat' dir='ltr'>rem</span> <span class='ocrx_word' id='word_1_84' title='bbox 1422 747 1597 814; x_wconf 85' lang='lat' dir='ltr'>legibus</span> <span class='ocrx_word' id='word_1_85' title='bbox 1626 753 1733 802; x_wconf 89' lang='lat' dir='ltr'>vide</span> <span class='ocrx_word' id='word_1_86' title='bbox 1755 770 1850 818; x_wconf 86' lang='lat' dir='ltr'>quae</span> <span class='ocrx_word' id='word_1_87' title='bbox 1867 755 1994 817; x_wconf 85' lang='lat' dir='ltr'>supra</span> <span class='ocrx_word' id='word_1_88' title='bbox 2019 758 2066 805; x_wconf 88' lang='lat' dir='ltr'>in</span> 
     </span>
     <span class='ocr_line' id='line_1_10' title="bbox 415 806 1274 870; baseline 0.005 -19"><span class='ocrx_word' id='word_1_89' title='bbox 415 818 548 854; x_wconf 87' lang='lat' dir='ltr'>textu</span> <span class='ocrx_word' id='word_1_90' title='bbox 562 811 611 855; x_wconf 90' lang='lat'>&amp;</span> <span class='ocrx_word' id='word_1_91' title='bbox 628 811 750 857; x_wconf 84' lang='lat' dir='ltr'>notis</span> <span class='ocrx_word' id='word_1_92' title='bbox 767 826 807 856; x_wconf 85' lang='lat' dir='ltr'>c.</span> <span class='ocrx_word' id='word_1_93' title='bbox 822 825 868 855; x_wconf 88' lang='lat' dir='ltr'>v.</span> <span class='ocrx_word' id='word_1_94' title='bbox 880 810 1010 870; x_wconf 87' lang='lat' dir='ltr'>hujus</span> <span class='ocrx_word' id='word_1_95' title='bbox 1025 808 1130 856; x_wconf 83' lang='lat' dir='ltr'>libri</span> <span class='ocrx_word' id='word_1_96' title='bbox 1146 806 1185 861; x_wconf 55' lang='grc' dir='ltr'>ὁ.</span> <span class='ocrx_word' id='word_1_97' title='bbox 1196 820 1274 870; x_wconf 89' lang='lat'>29.</span> 
     </span>
     <span class='ocr_line' id='line_1_11' title="bbox 483 869 2064 935; baseline 0.008 -20"><span class='ocrx_word' id='word_1_98' title='bbox 483 878 692 919; x_wconf 84' lang='lat' dir='ltr'><em>Commune</em></span> <span class='ocrx_word' id='word_1_99' title='bbox 723 876 893 935; x_wconf 77' lang='lat' dir='ltr'>u‘rrisqne</span> <span class='ocrx_word' id='word_1_100' title='bbox 919 873 1097 926; x_wconf 70' lang='lat' dir='ltr'>reddat]</span> <span class='ocrx_word' id='word_1_101' title='bbox 1134 869 1240 916; x_wconf 87' lang='lat' dir='ltr'>vide</span> <span class='ocrx_word' id='word_1_102' title='bbox 1272 872 1523 935; x_wconf 68' lang='lat' dir='ltr'>appositum</span> <span class='ocrx_word' id='word_1_103' title='bbox 1552 875 1611 922; x_wconf 87' lang='lat' dir='ltr'>ad</span> <span class='ocrx_word' id='word_1_104' title='bbox 1639 877 1753 925; x_wconf 86' lang='lat' dir='ltr'>hanc</span> <span class='ocrx_word' id='word_1_105' title='bbox 1780 895 1877 926; x_wconf 86' lang='lat' dir='ltr'>rem</span> <span class='ocrx_word' id='word_1_106' title='bbox 1908 879 2064 928; x_wconf 82' lang='lat' dir='ltr'>Iocum</span> 
     </span>
     <span class='ocr_line' id='line_1_12' title="bbox 412 930 2062 1001; baseline 0.008 -24"><span class='ocrx_word' id='word_1_107' title='bbox 412 930 572 979; x_wconf 85' lang='lat' dir='ltr'>Galeni</span> <span class='ocrx_word' id='word_1_108' title='bbox 594 949 614 979; x_wconf 93' lang='lat'>1</span> <span class='ocrx_word' id='word_1_109' title='bbox 626 949 649 980; x_wconf 91' lang='lat'>1</span> <span class='ocrx_word' id='word_1_110' title='bbox 668 933 727 981; x_wconf 89' lang='lat' dir='ltr'>de</span> <span class='ocrx_word' id='word_1_111' title='bbox 742 934 909 981; x_wconf 83' lang='lat' dir='ltr'>semine</span> <span class='ocrx_word' id='word_1_112' title='bbox 926 972 938 989; x_wconf 92' lang='lat'>,</span> <span class='ocrx_word' id='word_1_113' title='bbox 969 935 1020 979; x_wconf 71' lang='grc' dir='ltr'>δε</span> <span class='ocrx_word' id='word_1_114' title='bbox 1043 949 1138 995; x_wconf 85' lang='lat' dir='ltr'>quae</span> <span class='ocrx_word' id='word_1_115' title='bbox 1153 931 1216 978; x_wconf 90' lang='lat' dir='ltr'>ibi</span> <span class='ocrx_word' id='word_1_116' title='bbox 1232 950 1290 979; x_wconf 86' lang='lat' dir='ltr'>ex</span> <span class='ocrx_word' id='word_1_117' title='bbox 1307 933 1541 982; x_wconf 82' lang='lat' dir='ltr'>Athenaeo.</span> <span class='ocrx_word' id='word_1_118' title='bbox 1576 936 1933 1001; x_wconf 86' lang='lat' dir='ltr'>Chrysostomus</span> <span class='ocrx_word' id='word_1_119' title='bbox 1954 941 2062 993; x_wconf 83' lang='lat' dir='ltr'>adv</span> 
     </span>
     <span class='ocr_line' id='line_1_13' title="bbox 413 992 2062 1069; baseline 0.007 -29"><span class='ocrx_word' id='word_1_120' title='bbox 413 993 744 1056; x_wconf 82' lang='lat' dir='ltr'>Ephefiorum:</span> <span class='ocrx_word' id='word_1_121' title='bbox 780 993 1003 1053; x_wconf 42' lang='lat' dir='ltr'>Wffiw’ff</span> <span class='ocrx_word' id='word_1_122' title='bbox 1016 992 1231 1049; x_wconf 45' lang='lat' dir='ltr'>fflssmfim&#39;</span> <span class='ocrx_word' id='word_1_123' title='bbox 1244 994 1442 1046; x_wconf 57' lang='grc' dir='ltr'><strong><em>π’κππηό</em></strong></span> <span class='ocrx_word' id='word_1_124' title='bbox 1458 1000 1567 1047; x_wconf 59' lang='grc' dir='ltr'><em>παῖς·</em></span> <span class='ocrx_word' id='word_1_125' title='bbox 1593 1008 1720 1050; x_wconf 80' lang='lat' dir='ltr'>mixta</span> <span class='ocrx_word' id='word_1_126' title='bbox 1743 1011 1925 1065; x_wconf 81' lang='lat' dir='ltr'>genitura</span> <span class='ocrx_word' id='word_1_127' title='bbox 1938 1010 2062 1069; x_wconf 83' lang='lat' dir='ltr'><em>foetus</em></span> 
     </span>
     <span class='ocr_line' id='line_1_14' title="bbox 408 1074 552 1104; baseline 0.007 -1"><span class='ocrx_word' id='word_1_128' title='bbox 408 1074 552 1104; x_wconf 80' lang='lat' dir='ltr'>orttur.</span> 
     </span>
     <span class='ocr_line' id='line_1_15' title="bbox 471 1117 2287 1191; baseline 0.008 -28"><span class='ocrx_word' id='word_1_129' title='bbox 471 1127 552 1166; x_wconf 88' lang='lat' dir='ltr'>Imo</span> <span class='ocrx_word' id='word_1_130' title='bbox 569 1117 622 1171; x_wconf 64' lang='lat'>&amp;⁵</span> <span class='ocrx_word' id='word_1_131' title='bbox 634 1124 827 1178; x_wconf 71' lang='lat' dir='ltr'>exstantes,</span> <span class='ocrx_word' id='word_1_132' title='bbox 841 1124 880 1186; x_wconf 80' lang='lat' dir='ltr'><em>fi</em></span> <span class='ocrx_word' id='word_1_133' title='bbox 892 1125 1003 1170; x_wconf 77' lang='lat' dir='ltr'>aliter</span> <span class='ocrx_word' id='word_1_134' title='bbox 1020 1141 1094 1170; x_wconf 84' lang='lat' dir='ltr'>non</span> <span class='ocrx_word' id='word_1_135' title='bbox 1101 1124 1181 1180; x_wconf 80' lang='lat' dir='ltr'>fiat</span> <span class='ocrx_word' id='word_1_136' title='bbox 1195 1128 1230 1168; x_wconf 86' lang='lat' dir='ltr'>ei</span> <span class='ocrx_word' id='word_1_137' title='bbox 1242 1125 1443 1182; x_wconf 79' lang='lat' dir='ltr'>restitutio,</span> <span class='ocrx_word' id='word_1_138' title='bbox 1455 1127 1680 1180; x_wconf 78' lang='lat' dir='ltr'>detinendi]</span> <span class='ocrx_word' id='word_1_139' title='bbox 1719 1125 1824 1174; x_wconf 83' lang='lat' dir='ltr'>vide</span> <span class='ocrx_word' id='word_1_140' title='bbox 1834 1127 1921 1174; x_wconf 85' lang='lat' dir='ltr'>hac</span> <span class='ocrx_word' id='word_1_141' title='bbox 1934 1127 1993 1175; x_wconf 84' lang='lat' dir='ltr'>de</span> <span class='ocrx_word' id='word_1_142' title='bbox 2007 1145 2056 1176; x_wconf 83' lang='lat' dir='ltr'>re</span> <span class='ocrx_word' id='word_1_143' title='bbox 2080 1136 2102 1191; x_wconf 82' lang='lat'><em>§</em></span> <span class='ocrx_word' id='word_1_144' title='bbox 2108 1143 2212 1176; x_wconf 71' lang='lat' dir='ltr'>‚XXI</span> <span class='ocrx_word' id='word_1_145' title='bbox 2221 1144 2287 1179; x_wconf 85' lang='lat'>11.</span> 
     </span>
     <span class='ocr_line' id='line_1_16' title="bbox 406 1181 1932 1250; baseline 0.006 -22"><span class='ocrx_word' id='word_1_146' title='bbox 406 1181 630 1245; x_wconf 76' lang='lat' dir='ltr'>speculum</span> <span class='ocrx_word' id='word_1_147' title='bbox 648 1181 926 1232; x_wconf 81' lang='lat' dir='ltr'>Saxonicum</span> <span class='ocrx_word' id='word_1_148' title='bbox 941 1186 988 1230; x_wconf 90' lang='lat' dir='ltr'>in</span> <span class='ocrx_word' id='word_1_149' title='bbox 1002 1199 1096 1248; x_wconf 89' lang='lat' dir='ltr'>quo</span> <span class='ocrx_word' id='word_1_150' title='bbox 1111 1184 1252 1231; x_wconf 80' lang='lat' dir='ltr'>multa</span> <span class='ocrx_word' id='word_1_151' title='bbox 1267 1186 1483 1245; x_wconf 66' lang='lat' dir='ltr'>aequitatis</span> <span class='ocrx_word' id='word_1_152' title='bbox 1496 1185 1743 1248; x_wconf 80' lang='lat' dir='ltr'>pleniffima</span> <span class='ocrx_word' id='word_1_153' title='bbox 1762 1203 1783 1233; x_wconf 94' lang='lat'>1</span> <span class='ocrx_word' id='word_1_154' title='bbox 1794 1204 1836 1245; x_wconf 87' lang='lat'>1,</span> <span class='ocrx_word' id='word_1_155' title='bbox 1853 1192 1932 1250; x_wconf 89' lang='lat'>46.</span> 
     </span>
     <span class='ocr_line' id='line_1_17' title="bbox 473 1245 2243 1315; baseline 0.008 -27"><span class='ocrx_word' id='word_1_156' title='bbox 473 1248 724 1291; x_wconf 79' lang='lat' dir='ltr'><em>Naturaliter</em></span> <span class='ocrx_word' id='word_1_157' title='bbox 738 1251 990 1296; x_wconf 74' lang='lat' dir='ltr'><em>traditionem</em></span> <span class='ocrx_word' id='word_1_158' title='bbox 1004 1266 1079 1294; x_wconf 83' lang='lat' dir='ltr'>non</span> <span class='ocrx_word' id='word_1_159' title='bbox 1103 1250 1282 1310; x_wconf 80' lang='lat' dir='ltr'><em>requiri]</em></span> <span class='ocrx_word' id='word_1_160' title='bbox 1320 1245 1435 1293; x_wconf 79' lang='lat' dir='ltr'>Non</span> <span class='ocrx_word' id='word_1_161' title='bbox 1465 1246 1581 1295; x_wconf 80' lang='lat' dir='ltr'>sane·</span> <span class='ocrx_word' id='word_1_162' title='bbox 1617 1249 1721 1296; x_wconf 83' lang='lat' dir='ltr'>vide</span> <span class='ocrx_word' id='word_1_163' title='bbox 1742 1250 1892 1315; x_wconf 82' lang='lat' dir='ltr'>legem</span> <span class='ocrx_word' id='word_1_164' title='bbox 1921 1254 2057 1301; x_wconf 83' lang='lat' dir='ltr'>Wifi-</span> <span class='ocrx_word' id='word_1_165' title='bbox 2079 1248 2243 1304; x_wconf 73' lang='lat' dir='ltr'>§.XXV-</span> 
     </span>
     <span class='ocr_line' id='line_1_18' title="bbox 405 1306 2059 1419; baseline 0.007 -68"><span class='ocrx_word' id='word_1_166' title='bbox 405 1307 664 1369; x_wconf 79' lang='lat' dir='ltr'>gotthicam</span> <span class='ocrx_word' id='word_1_167' title='bbox 681 1306 818 1358; x_wconf 77' lang='lat' dir='ltr'>lib.·v,</span> <span class='ocrx_word' id='word_1_168' title='bbox 834 1311 905 1356; x_wconf 88' lang='lat' dir='ltr'>tit.</span> <span class='ocrx_word' id='word_1_169' title='bbox 929 1324 1004 1365; x_wconf 86' lang='lat'>11,</span> <span class='ocrx_word' id='word_1_170' title='bbox 1021 1324 1063 1355; x_wconf 87' lang='lat' dir='ltr'>c.</span> <span class='ocrx_word' id='word_1_171' title='bbox 1076 1309 1120 1355; x_wconf 87' lang='lat'>6.</span> <span class='ocrx_word' id='word_1_172' title='bbox 1154 1318 1258 1355; x_wconf 82' lang='lat' dir='ltr'>Tum</span> <span class='ocrx_word' id='word_1_173' title='bbox 1273 1313 1433 1356; x_wconf 81' lang='lat' dir='ltr'>videtur</span> <span class='ocrx_word' id='word_1_174' title='bbox 1458 1330 1554 1356; x_wconf 79' lang='lat' dir='ltr'>vera</span> <span class='ocrx_word' id='word_1_175' title='bbox 1582 1314 1650 1419; x_wconf 48' lang='lat' dir='ltr'>(ciffi</span> <span class='ocrx_word' id='word_1_176' title='bbox 1677 1316 1841 1360; x_wconf 86' lang='lat' dir='ltr'>traditio</span> <span class='ocrx_word' id='word_1_177' title='bbox 1863 1350 1875 1369; x_wconf 92' lang='lat'>,</span> <span class='ocrx_word' id='word_1_178' title='bbox 1907 1321 2059 1377; x_wconf 77' lang='lat' dir='ltr'>quando</span> 
     </span>
     <span class='ocr_line' id='line_1_19' title="bbox 395 1371 2060 1435; baseline 0.008 -22"><span class='ocrx_word' id='word_1_179' title='bbox 395 1375 485 1431; x_wconf 80' lang='lat' dir='ltr'>jam</span> <span class='ocrx_word' id='word_1_180' title='bbox 499 1373 605 1430; x_wconf 80' lang='lat' dir='ltr'>apud</span> <span class='ocrx_word' id='word_1_181' title='bbox 617 1374 734 1428; x_wconf 19' lang='lat' dir='ltr'>illum*</span> <span class='ocrx_word' id='word_1_182' title='bbox 740 1374 929 1432; x_wconf 72' lang='lat' dir='ltr'><em>scriptura</em></span> <span class='ocrx_word' id='word_1_183' title='bbox 957 1375 1170 1418; x_wconf 65' lang='lat' dir='ltr'>donationis</span> <span class='ocrx_word' id='word_1_184' title='bbox 1201 1375 1376 1430; x_wconf 63' lang='lat' dir='ltr'>habeam.</span> <span class='ocrx_word' id='word_1_185' title='bbox 1415 1371 1466 1417; x_wconf 73' lang='grc' dir='ltr'>δε</span> <span class='ocrx_word' id='word_1_186' title='bbox 1495 1387 1580 1435; x_wconf 84' lang='lat' dir='ltr'>apu</span> <span class='ocrx_word' id='word_1_187' title='bbox 1630 1388 1805 1422; x_wconf 84' lang='lat' dir='ltr'><strong>veteres</strong></span> <span class='ocrx_word' id='word_1_188' title='bbox 1822 1375 2060 1427; x_wconf 83' lang='lat' dir='ltr'>Romanos</span> 
     </span>
     <span class='ocr_line' id='line_1_20' title="bbox 404 1432 2061 1496; baseline 0.008 -20"><span class='ocrx_word' id='word_1_189' title='bbox 404 1445 476 1477; x_wconf 88' lang='lat' dir='ltr'>res</span> <span class='ocrx_word' id='word_1_190' title='bbox 493 1432 688 1494; x_wconf 79' lang='lat' dir='ltr'>mancipi</span> <span class='ocrx_word' id='word_1_191' title='bbox 704 1432 1013 1480; x_wconf 83' lang='lat' dir='ltr'>alienabantur</span> <span class='ocrx_word' id='word_1_192' title='bbox 1024 1432 1155 1494; x_wconf 82' lang='lat' dir='ltr'>plene</span> <span class='ocrx_word' id='word_1_193' title='bbox 1167 1447 1248 1496; x_wconf 87' lang='lat' dir='ltr'>per</span> <span class='ocrx_word' id='word_1_194' title='bbox 1262 1450 1319 1480; x_wconf 83' lang='lat' dir='ltr'>aes</span> <span class='ocrx_word' id='word_1_195' title='bbox 1336 1435 1385 1479; x_wconf 90' lang='lat'>&amp;</span> <span class='ocrx_word' id='word_1_196' title='bbox 1398 1432 1575 1481; x_wconf 81' lang='lat' dir='ltr'>libram.</span> <span class='ocrx_word' id='word_1_197' title='bbox 1590 1435 1698 1483; x_wconf 89' lang='lat' dir='ltr'>vide</span> <span class='ocrx_word' id='word_1_198' title='bbox 1713 1434 1967 1485; x_wconf 81' lang='lat' dir='ltr'>Varronem</span> <span class='ocrx_word' id='word_1_199' title='bbox 1983 1440 2061 1489; x_wconf 88' lang='lat' dir='ltr'>lib.</span> 
     </span>
     <span class='ocr_line' id='line_1_21' title="bbox 408 1492 2058 1564; baseline 0.007 -26"><span class='ocrx_word' id='word_1_200' title='bbox 408 1508 470 1539; x_wconf 74' lang='lat' dir='ltr'>:tv</span> <span class='ocrx_word' id='word_1_201' title='bbox 501 1492 560 1540; x_wconf 86' lang='lat' dir='ltr'>de</span> <span class='ocrx_word' id='word_1_202' title='bbox 595 1492 771 1559; x_wconf 82' lang='lat' dir='ltr'>Lingua</span> <span class='ocrx_word' id='word_1_203' title='bbox 788 1494 947 1543; x_wconf 80' lang='lat' dir='ltr'>Latina</span> <span class='ocrx_word' id='word_1_204' title='bbox 966 1513 979 1546; x_wconf 86' lang='lat'>:</span> <span class='ocrx_word' id='word_1_205' title='bbox 1002 1495 1177 1542; x_wconf 82' lang='lat' dir='ltr'>Festum</span> <span class='ocrx_word' id='word_1_206' title='bbox 1197 1494 1467 1558; x_wconf 72' lang='lat' dir='ltr'>Pompeium</span> <span class='ocrx_word' id='word_1_207' title='bbox 1486 1497 1532 1542; x_wconf 89' lang='lat' dir='ltr'>in</span> <span class='ocrx_word' id='word_1_208' title='bbox 1547 1512 1666 1544; x_wconf 88' lang='lat' dir='ltr'>voce</span> <span class='ocrx_word' id='word_1_209' title='bbox 1682 1498 1873 1550; x_wconf 87' lang='lat' dir='ltr'>Rodus:</span> <span class='ocrx_word' id='word_1_210' title='bbox 1903 1499 2058 1564; x_wconf 85' lang='lat' dir='ltr'>leia-</span> 
     </span>
     <span class='ocr_line' id='line_1_22' title="bbox 404 1555 1880 1621; baseline 0.005 -19"><span class='ocrx_word' id='word_1_211' title='bbox 404 1571 513 1613; x_wconf 85' lang='lat' dir='ltr'>num</span> <span class='ocrx_word' id='word_1_212' title='bbox 529 1555 858 1605; x_wconf 87' lang='lat' dir='ltr'>institutionum</span> <span class='ocrx_word' id='word_1_213' title='bbox 876 1559 950 1607; x_wconf 88' lang='lat' dir='ltr'>tit.</span> <span class='ocrx_word' id='word_1_214' title='bbox 967 1574 1078 1607; x_wconf 83' lang='lat' dir='ltr'>x1x.</span> <span class='ocrx_word' id='word_1_215' title='bbox 1090 1558 1338 1605; x_wconf 85' lang='lat' dir='ltr'>Boethium</span> <span class='ocrx_word' id='word_1_216' title='bbox 1354 1558 1412 1605; x_wconf 86' lang='lat' dir='ltr'>ad</span> <span class='ocrx_word' id='word_1_217' title='bbox 1423 1556 1606 1621; x_wconf 83' lang='lat' dir='ltr'>Topica</span> <span class='ocrx_word' id='word_1_218' title='bbox 1620 1559 1880 1610; x_wconf 78' lang='lat' dir='ltr'>Ciceronis.</span> 
     </span>
    </p>
   </div>
   <div class='ocr_carea' id='block_1_3' title="bbox 602 1682 1815 1878">
    <p class='ocr_par' dir='ltr' id='par_1_3' title="bbox 602 1682 1815 1878">
     <span class='ocr_line' id='line_1_23' title="bbox 992 1682 1469 1732; baseline 0.002 -1"><span class='ocrx_word' id='word_1_219' title='bbox 992 1682 1039 1731; x_wconf 88' lang='lat' dir='ltr'>C</span> <span class='ocrx_word' id='word_1_220' title='bbox 1072 1700 1100 1732; x_wconf 82' lang='lat' dir='ltr'>A</span> <span class='ocrx_word' id='word_1_221' title='bbox 1133 1699 1158 1729; x_wconf 77' lang='lat' dir='ltr'>P</span> <span class='ocrx_word' id='word_1_222' title='bbox 1190 1701 1220 1732; x_wconf 92' lang='lat' dir='ltr'>v</span> <span class='ocrx_word' id='word_1_223' title='bbox 1253 1701 1283 1732; x_wconf 81' lang='grc' dir='ltr'><strong><em>τ</em></strong></span> <span class='ocrx_word' id='word_1_224' title='bbox 1347 1685 1370 1731; x_wconf 96' lang='lat' dir='ltr'>I</span> <span class='ocrx_word' id='word_1_225' title='bbox 1401 1684 1469 1732; x_wconf 89' lang='lat' dir='ltr'>X.</span> 
     </span>
     <span class='ocr_line' id='line_1_24' title="bbox 602 1791 1815 1878; baseline 0.003 -24"><span class='ocrx_word' id='word_1_226' title='bbox 602 1791 876 1878; x_wconf 85' lang='lat' dir='ltr'>Qando</span> <span class='ocrx_word' id='word_1_227' title='bbox 896 1797 1133 1878; x_wconf 87' lang='lat' dir='ltr'>imperia</span> <span class='ocrx_word' id='word_1_228' title='bbox 1154 1795 1249 1856; x_wconf 90' lang='lat' dir='ltr'>vel</span> <span class='ocrx_word' id='word_1_229' title='bbox 1265 1795 1522 1858; x_wconf 87' lang='lat' dir='ltr'>dominia</span> <span class='ocrx_word' id='word_1_230' title='bbox 1541 1793 1815 1860; x_wconf 85' lang='lat' dir='ltr'>definant.</span> 
     </span>
    </p>
   </div>
   <div class='ocr_carea' id='block_1_4' title="bbox 397 1932 2052 2171">
    <p class='ocr_par' dir='ltr' id='par_1_4' title="bbox 400 1932 2052 2030">
     <span class='ocr_line' id='line_1_25' title="bbox 400 1932 2051 1982; baseline 0.002 -13"><span class='ocrx_word' id='word_1_231' title='bbox 400 1937 436 1972; x_wconf 85' lang='lat'>1.</span> <span class='ocrx_word' id='word_1_232' title='bbox 462 1935 651 1969; x_wconf 70' lang='lat' dir='ltr'>Dominium</span> <span class='ocrx_word' id='word_1_233' title='bbox 686 1932 727 1967; x_wconf 73' lang='grc' dir='ltr'>ά·</span> <span class='ocrx_word' id='word_1_234' title='bbox 748 1935 920 1981; x_wconf 81' lang='lat' dir='ltr'>imperium</span> <span class='ocrx_word' id='word_1_235' title='bbox 945 1932 1011 1968; x_wconf 80' lang='lat' dir='ltr'>tolli</span> <span class='ocrx_word' id='word_1_236' title='bbox 1027 1933 1154 1978; x_wconf 70' lang='lat' dir='ltr'><em>fiablato</em></span> <span class='ocrx_word' id='word_1_237' title='bbox 1176 1948 1210 1971; x_wconf 80' lang='lat' dir='ltr'>eo</span> <span class='ocrx_word' id='word_1_238' title='bbox 1256 1937 1288 1973; x_wconf 84' lang='lat' dir='ltr'>V</span> <span class='ocrx_word' id='word_1_239' title='bbox 1301 1938 1321 1972; x_wconf 82' lang='lat'>1</span> <span class='ocrx_word' id='word_1_240' title='bbox 1337 1936 1356 1971; x_wconf 90' lang='lat'>1</span> <span class='ocrx_word' id='word_1_241' title='bbox 1374 1935 1406 1969; x_wconf 82' lang='grc' dir='ltr'>Ῐ.</span> <span class='ocrx_word' id='word_1_242' title='bbox 1429 1939 1511 1971; x_wconf 72' lang='lat' dir='ltr'>¹Aut</span> <span class='ocrx_word' id='word_1_243' title='bbox 1522 1944 1644 1971; x_wconf 78' lang='lat' dir='ltr'>mutato</span> <span class='ocrx_word' id='word_1_244' title='bbox 1653 1937 1823 1982; x_wconf 77' lang='lat' dir='ltr'>regimine:</span> <span class='ocrx_word' id='word_1_245' title='bbox 1852 1936 1908 1970; x_wconf 78' lang='lat' dir='ltr'>ubi</span> <span class='ocrx_word' id='word_1_246' title='bbox 1927 1935 1967 1970; x_wconf 77' lang='lat' dir='ltr'>de</span> <span class='ocrx_word' id='word_1_247' title='bbox 1991 1938 2051 1975; x_wconf 78' lang='lat' dir='ltr'>loeo</span> 
     </span>
     <span class='ocr_line' id='line_1_26' title="bbox 451 1981 2052 2030; baseline 0.002 -14"><span class='ocrx_word' id='word_1_248' title='bbox 451 1986 508 2028; x_wconf 80' lang='lat' dir='ltr'>qui</span> <span class='ocrx_word' id='word_1_249' title='bbox 513 1994 568 2027; x_wconf 74' lang='lat' dir='ltr'>jus</span> <span class='ocrx_word' id='word_1_250' title='bbox 582 1981 708 2021; x_wconf 66' lang='lat' dir='ltr'>habuit,</span> <span class='ocrx_word' id='word_1_251' title='bbox 718 1993 775 2015; x_wconf 77' lang='lat' dir='ltr'>nec</span> <span class='ocrx_word' id='word_1_252' title='bbox 786 1981 937 2026; x_wconf 57' lang='lat' dir='ltr'>existente</span> <span class='ocrx_word' id='word_1_253' title='bbox 950 1981 1108 2026; x_wconf 66' lang='lat' dir='ltr'>ficcceffore</span> <span class='ocrx_word' id='word_1_254' title='bbox 1116 1996 1130 2015; x_wconf 86' lang='lat'>.-</span> <span class='ocrx_word' id='word_1_255' title='bbox 1304 1986 1361 2029; x_wconf 81' lang='lat' dir='ltr'>qui</span> <span class='ocrx_word' id='word_1_256' title='bbox 1371 1983 1524 2017; x_wconf 77' lang='lat' dir='ltr'>debeatur</span> <span class='ocrx_word' id='word_1_257' title='bbox 1533 1996 1611 2017; x_wconf 78' lang='lat' dir='ltr'>novo</span> <span class='ocrx_word' id='word_1_258' title='bbox 1623 1987 1687 2030; x_wconf 81' lang='lat' dir='ltr'>regi</span> <span class='ocrx_word' id='word_1_259' title='bbox 1709 1993 1767 2018; x_wconf 83' lang='lat' dir='ltr'>aut</span> <span class='ocrx_word' id='word_1_260' title='bbox 1788 1985 1898 2030; x_wconf 80' lang='lat' dir='ltr'><em>populo</em></span> <span class='ocrx_word' id='word_1_261' title='bbox 1907 1983 2052 2026; x_wconf 72' lang='lat' dir='ltr'>laberato.</span> 
     </span>
    </p>

    <p class='ocr_par' dir='ltr' id='par_1_5' title="bbox 399 2027 1787 2076">
     <span class='ocr_line' id='line_1_27' title="bbox 399 2027 1787 2076; baseline 0.001 -13"><span class='ocrx_word' id='word_1_262' title='bbox 399 2028 420 2062; x_wconf 81' lang='lat'>1</span> <span class='ocrx_word' id='word_1_263' title='bbox 438 2030 472 2063; x_wconf 89' lang='lat'>1.</span> <span class='ocrx_word' id='word_1_264' title='bbox 493 2029 519 2063; x_wconf 86' lang='lat' dir='ltr'><em>S</em></span> <span class='ocrx_word' id='word_1_265' title='bbox 520 2032 549 2062; x_wconf 78' lang='lat' dir='ltr'>ic</span> <span class='ocrx_word' id='word_1_266' title='bbox 564 2028 604 2061; x_wconf 67' lang='grc' dir='ltr'>θ’</span> <span class='ocrx_word' id='word_1_267' title='bbox 612 2030 667 2073; x_wconf 79' lang='lat' dir='ltr'>jus</span> <span class='ocrx_word' id='word_1_268' title='bbox 674 2027 806 2071; x_wconf 70' lang='lat' dir='ltr'>familia</span> <span class='ocrx_word' id='word_1_269' title='bbox 816 2027 969 2072; x_wconf 62' lang='lat' dir='ltr'>exfltnsta</span> <span class='ocrx_word' id='word_1_270' title='bbox 975 2027 1106 2071; x_wconf 71' lang='lat' dir='ltr'>familia</span> <span class='ocrx_word' id='word_1_271' title='bbox 1118 2043 1128 2063; x_wconf 68' lang='grc' dir='ltr'><em>τ</em></span> <span class='ocrx_word' id='word_1_272' title='bbox 1256 2031 1275 2065; x_wconf 89' lang='grc' dir='ltr'><strong>Ι</strong></span> <span class='ocrx_word' id='word_1_273' title='bbox 1292 2033 1339 2065; x_wconf 87' lang='grc' dir='ltr'>Χ.</span> <span class='ocrx_word' id='word_1_274' title='bbox 1366 2029 1455 2069; x_wconf 60' lang='lat' dir='ltr'>§Quid</span> <span class='ocrx_word' id='word_1_275' title='bbox 1462 2031 1487 2074; x_wconf 79' lang='lat' dir='ltr'><strong><em>fi</em></strong></span> <span class='ocrx_word' id='word_1_276' title='bbox 1496 2032 1601 2076; x_wconf 76' lang='lat' dir='ltr'>populi</span> <span class='ocrx_word' id='word_1_277' title='bbox 1612 2033 1762 2064; x_wconf 67' lang='lat' dir='ltr'>uniantur</span> <span class='ocrx_word' id='word_1_278' title='bbox 1776 2035 1787 2065; x_wconf 73' lang='grc' dir='ltr'><strong><em>ἓ</em></strong></span> 
     </span>
    </p>

    <p class='ocr_par' dir='ltr' id='par_1_6' title="bbox 401 2074 1797 2124">
     <span class='ocr_line' id='line_1_28' title="bbox 401 2074 1797 2124; baseline 0.001 -16"><span class='ocrx_word' id='word_1_279' title='bbox 401 2074 420 2109; x_wconf 90' lang='lat' dir='ltr'>I</span> <span class='ocrx_word' id='word_1_280' title='bbox 437 2077 452 2108; x_wconf 87' lang='lat'><em>1</em></span> <span class='ocrx_word' id='word_1_281' title='bbox 468 2078 502 2111; x_wconf 80' lang='lat'>1.</span> <span class='ocrx_word' id='word_1_282' title='bbox 527 2076 554 2108; x_wconf 85' lang='lat' dir='ltr'><em>S</em></span> <span class='ocrx_word' id='word_1_283' title='bbox 555 2088 583 2109; x_wconf 73' lang='lat' dir='ltr'>tc</span> <span class='ocrx_word' id='word_1_284' title='bbox 599 2075 638 2107; x_wconf 71' lang='lat'>(5</span> <span class='ocrx_word' id='word_1_285' title='bbox 649 2075 801 2123; x_wconf 56' lang='lat' dir='ltr'>populns?</span> <span class='ocrx_word' id='word_1_286' title='bbox 810 2076 939 2123; x_wconf 63' lang='lat' dir='ltr'>populna</span> <span class='ocrx_word' id='word_1_287' title='bbox 954 2074 1010 2119; x_wconf 78' lang='lat' dir='ltr'>effi:</span> <span class='ocrx_word' id='word_1_288' title='bbox 1022 2075 1160 2121; x_wconf 57' lang='lat' dir='ltr'>desinam</span> <span class='ocrx_word' id='word_1_289' title='bbox 1254 2080 1302 2112; x_wconf 78' lang='lat' dir='ltr'>X.</span> <span class='ocrx_word' id='word_1_290' title='bbox 1328 2075 1452 2121; x_wconf 75' lang='lat' dir='ltr'>Qidfi</span> <span class='ocrx_word' id='word_1_291' title='bbox 1463 2076 1632 2111; x_wconf 71' lang='lat' dir='ltr'>dividatur</span> <span class='ocrx_word' id='word_1_292' title='bbox 1641 2078 1769 2124; x_wconf 81' lang='lat' dir='ltr'>populus</span> <span class='ocrx_word' id='word_1_293' title='bbox 1781 2080 1797 2109; x_wconf 74' lang='lat'><em>3</em></span> 
     </span>
    </p>

    <p class='ocr_par' dir='ltr' id='par_1_7' title="bbox 397 2120 2049 2171">
     <span class='ocr_line' id='line_1_29' title="bbox 397 2120 2049 2171; baseline 0.004 -15"><span class='ocrx_word' id='word_1_294' title='bbox 397 2121 418 2156; x_wconf 90' lang='lat' dir='ltr'>I</span> <span class='ocrx_word' id='word_1_295' title='bbox 433 2124 476 2157; x_wconf 88' lang='lat' dir='ltr'>V.</span> <span class='ocrx_word' id='word_1_296' title='bbox 501 2121 596 2168; x_wconf 76' lang='lat' dir='ltr'>Qod</span> <span class='ocrx_word' id='word_1_297' title='bbox 599 2120 659 2166; x_wconf 83' lang='lat' dir='ltr'>fit,</span> <span class='ocrx_word' id='word_1_298' title='bbox 667 2121 796 2166; x_wconf 63' lang='lat' dir='ltr'>fitblanls</span> <span class='ocrx_word' id='word_1_299' title='bbox 804 2121 947 2170; x_wconf 77' lang='lat' dir='ltr'>partibus</span> <span class='ocrx_word' id='word_1_300' title='bbox 960 2123 1125 2168; x_wconf 58' lang='lat' dir='ltr'>neceffisriiae</span> <span class='ocrx_word' id='word_1_301' title='bbox 1138 2137 1150 2157; x_wconf 89' lang='lat'>.·</span> <span class='ocrx_word' id='word_1_302' title='bbox 1251 2127 1285 2160; x_wconf 82' lang='lat' dir='ltr'>X</span> <span class='ocrx_word' id='word_1_303' title='bbox 1301 2124 1330 2158; x_wconf 90' lang='grc' dir='ltr'>Ι.</span> <span class='ocrx_word' id='word_1_304' title='bbox 1351 2125 1443 2167; x_wconf 80' lang='lat' dir='ltr'><em>Cujus</em></span> <span class='ocrx_word' id='word_1_305' title='bbox 1454 2124 1605 2170; x_wconf 75' lang='lat' dir='ltr'>nunc-sint</span> <span class='ocrx_word' id='word_1_306' title='bbox 1617 2135 1682 2170; x_wconf 74' lang='lat' dir='ltr'>qua</span> <span class='ocrx_word' id='word_1_307' title='bbox 1694 2125 1828 2160; x_wconf 78' lang='lat' dir='ltr'>Romani</span> <span class='ocrx_word' id='word_1_308' title='bbox 1835 2123 1960 2171; x_wconf 80' lang='lat' dir='ltr'>imper‘u‘</span> <span class='ocrx_word' id='word_1_309' title='bbox 1970 2122 2049 2171; x_wconf 61' lang='lat' dir='ltr'>fue-&gt;</span> 
     </span>
    </p>
   </div>
   <div class='ocr_carea' id='block_1_5' title="bbox 396 2170 1785 2311">
    <p class='ocr_par' dir='ltr' id='par_1_8' title="bbox 396 2170 1785 2311">
     <span class='ocr_line' id='line_1_30' title="bbox 398 2170 1785 2218; baseline 0.003 -18"><span class='ocrx_word' id='word_1_310' title='bbox 398 2170 443 2202; x_wconf 83' lang='lat' dir='ltr'>V.</span> <span class='ocrx_word' id='word_1_311' title='bbox 466 2170 601 2203; x_wconf 76' lang='lat' dir='ltr'>Sublato</span> <span class='ocrx_word' id='word_1_312' title='bbox 609 2178 728 2216; x_wconf 73' lang='lat' dir='ltr'>corpore</span> <span class='ocrx_word' id='word_1_313' title='bbox 740 2177 802 2203; x_wconf 82' lang='lat' dir='ltr'><em>toto</em></span> <span class='ocrx_word' id='word_1_314' title='bbox 808 2170 914 2215; x_wconf 76' lang='lat' dir='ltr'>populi</span> <span class='ocrx_word' id='word_1_315' title='bbox 932 2183 944 2201; x_wconf 90' lang='lat'><em>:</em></span> <span class='ocrx_word' id='word_1_316' title='bbox 1300 2179 1384 2207; x_wconf 85' lang='lat' dir='ltr'>runt,</span> <span class='ocrx_word' id='word_1_317' title='bbox 1404 2182 1460 2204; x_wconf 86' lang='lat' dir='ltr'>nec</span> <span class='ocrx_word' id='word_1_318' title='bbox 1472 2171 1611 2204; x_wconf 75' lang='lat' dir='ltr'>alienata</span> <span class='ocrx_word' id='word_1_319' title='bbox 1620 2179 1785 2218; x_wconf 73' lang='lat' dir='ltr'><em>apparent.</em></span> 
     </span>
     <span class='ocr_line' id='line_1_31' title="bbox 401 2215 1698 2262; baseline 0.002 -14"><span class='ocrx_word' id='word_1_320' title='bbox 401 2216 433 2248; x_wconf 86' lang='lat' dir='ltr'>V</span> <span class='ocrx_word' id='word_1_321' title='bbox 446 2217 475 2251; x_wconf 84' lang='lat'>1.</span> <span class='ocrx_word' id='word_1_322' title='bbox 504 2216 644 2251; x_wconf 74' lang='lat' dir='ltr'>Sublata</span> <span class='ocrx_word' id='word_1_323' title='bbox 651 2217 753 2260; x_wconf 71' lang='lat' dir='ltr'>fhrma</span> <span class='ocrx_word' id='word_1_324' title='bbox 764 2228 830 2261; x_wconf 82' lang='lat' dir='ltr'>qua</span> <span class='ocrx_word' id='word_1_325' title='bbox 840 2215 881 2259; x_wconf 71' lang='lat' dir='ltr'>eft</span> <span class='ocrx_word' id='word_1_326' title='bbox 893 2216 1020 2262; x_wconf 76' lang='lat' dir='ltr'><em>populus</em></span> <span class='ocrx_word' id='word_1_327' title='bbox 1032 2228 1046 2251; x_wconf 87' lang='lat'>.·</span> <span class='ocrx_word' id='word_1_328' title='bbox 1250 2218 1284 2251; x_wconf 83' lang='lat' dir='ltr'>X</span> <span class='ocrx_word' id='word_1_329' title='bbox 1299 2218 1317 2251; x_wconf 93' lang='lat'>1</span> <span class='ocrx_word' id='word_1_330' title='bbox 1333 2218 1365 2251; x_wconf 86' lang='lat'>1.</span> <span class='ocrx_word' id='word_1_331' title='bbox 1390 2219 1444 2250; x_wconf 88' lang='lat' dir='ltr'>De</span> <span class='ocrx_word' id='word_1_332' title='bbox 1450 2218 1522 2261; x_wconf 77' lang='lat' dir='ltr'>jure</span> <span class='ocrx_word' id='word_1_333' title='bbox 1535 2217 1698 2251; x_wconf 72' lang='lat' dir='ltr'>heredum.</span> 
     </span>
     <span class='ocr_line' id='line_1_32' title="bbox 396 2263 1709 2311; baseline -0.002 -11"><span class='ocrx_word' id='word_1_334' title='bbox 396 2265 430 2300; x_wconf 83' lang='lat' dir='ltr'>V</span> <span class='ocrx_word' id='word_1_335' title='bbox 447 2264 465 2298; x_wconf 85' lang='lat'>1</span> <span class='ocrx_word' id='word_1_336' title='bbox 480 2263 514 2298; x_wconf 86' lang='lat'>1.</span> <span class='ocrx_word' id='word_1_337' title='bbox 535 2266 608 2297; x_wconf 83' lang='lat' dir='ltr'>Non</span> <span class='ocrx_word' id='word_1_338' title='bbox 616 2265 718 2298; x_wconf 72' lang='lat' dir='ltr'>etiam</span> <span class='ocrx_word' id='word_1_339' title='bbox 728 2264 913 2311; x_wconf 71' lang='lat' dir='ltr'>migratione</span> <span class='ocrx_word' id='word_1_340' title='bbox 925 2276 938 2297; x_wconf 81' lang='grc'>.-</span> <span class='ocrx_word' id='word_1_341' title='bbox 1251 2265 1286 2299; x_wconf 85' lang='grc' dir='ltr'><strong>Χ</strong></span> <span class='ocrx_word' id='word_1_342' title='bbox 1299 2264 1316 2298; x_wconf 92' lang='lat'>1</span> <span class='ocrx_word' id='word_1_343' title='bbox 1330 2264 1348 2299; x_wconf 83' lang='grc' dir='ltr'><strong>Ι</strong></span> <span class='ocrx_word' id='word_1_344' title='bbox 1365 2264 1397 2300; x_wconf 84' lang='grc' dir='ltr'>Ι.</span> <span class='ocrx_word' id='word_1_345' title='bbox 1423 2265 1479 2297; x_wconf 88' lang='lat' dir='ltr'>De</span> <span class='ocrx_word' id='word_1_346' title='bbox 1482 2263 1561 2308; x_wconf 78' lang='lat' dir='ltr'>jure</span> <span class='ocrx_word' id='word_1_347' title='bbox 1573 2263 1709 2299; x_wconf 67' lang='lat' dir='ltr'>victoris.</span> 
     </span>
    </p>
   </div>
   <div class='ocr_carea' id='block_1_6' title="bbox 393 2371 2052 3230">
    <p class='ocr_par' dir='ltr' id='par_1_9' title="bbox 396 2371 2049 2523">
     <span class='ocr_line' id='line_1_33' title="bbox 533 2371 2049 2436; baseline 0 -18"><span class='ocrx_word' id='word_1_348' title='bbox 533 2371 760 2420; x_wconf 87' lang='lat' dir='ltr'>Vomodo</span> <span class='ocrx_word' id='word_1_349' title='bbox 793 2373 1002 2435; x_wconf 84' lang='lat' dir='ltr'>primitus</span> <span class='ocrx_word' id='word_1_350' title='bbox 1027 2372 1313 2435; x_wconf 84' lang='lat' dir='ltr'>acquirantur</span> <span class='ocrx_word' id='word_1_351' title='bbox 1331 2411 1343 2428; x_wconf 88' lang='lat'>‚</span> <span class='ocrx_word' id='word_1_352' title='bbox 1380 2373 1430 2419; x_wconf 70' lang='lat'>83</span> <span class='ocrx_word' id='word_1_353' title='bbox 1462 2372 1700 2436; x_wconf 86' lang='lat' dir='ltr'>quomodo</span> <span class='ocrx_word' id='word_1_354' title='bbox 1717 2372 1936 2420; x_wconf 83' lang='lat' dir='ltr'>transeant</span> <span class='ocrx_word' id='word_1_355' title='bbox 1949 2385 2049 2419; x_wconf 88' lang='lat' dir='ltr'>tum</span> 
     </span>
     <span class='ocr_line' id='line_1_34' title="bbox 396 2375 2049 2523; baseline -0.001 -41"><span class='ocrx_word' id='word_1_356' title='bbox 396 2375 738 2523; x_wconf 84' lang='lat' dir='ltr'>Qdominia</span> <span class='ocrx_word' id='word_1_357' title='bbox 783 2436 939 2492; x_wconf 82' lang='lat' dir='ltr'>rivata,</span> <span class='ocrx_word' id='word_1_358' title='bbox 959 2449 1060 2481; x_wconf 86' lang='lat' dir='ltr'>tum</span> <span class='ocrx_word' id='word_1_359' title='bbox 1075 2436 1263 2496; x_wconf 81' lang='lat' dir='ltr'>imperia</span> <span class='ocrx_word' id='word_1_360' title='bbox 1283 2475 1293 2491; x_wconf 87' lang='lat'>‚</span> <span class='ocrx_word' id='word_1_361' title='bbox 1312 2436 1415 2483; x_wconf 86' lang='lat' dir='ltr'>satis</span> <span class='ocrx_word' id='word_1_362' title='bbox 1433 2435 1643 2483; x_wconf 80' lang='lat' dir='ltr'>diximus.</span> <span class='ocrx_word' id='word_1_363' title='bbox 1679 2435 1920 2498; x_wconf 89' lang='lat' dir='ltr'>quomodo</span> <span class='ocrx_word' id='word_1_364' title='bbox 1934 2434 2049 2481; x_wconf 87' lang='lat' dir='ltr'>defi-</span> 
     </span>
    </p>

    <p class='ocr_par' dir='ltr' id='par_1_10' title="bbox 393 2450 2052 3229">
     <span class='ocr_line' id='line_1_35' title="bbox 533 2450 2051 2560; baseline 0 -16"><span class='ocrx_word' id='word_1_365' title='bbox 533 2513 636 2546; x_wconf 78' lang='lat' dir='ltr'>nant</span> <span class='ocrx_word' id='word_1_366' title='bbox 654 2537 665 2555; x_wconf 94' lang='lat'>‚</span> <span class='ocrx_word' id='word_1_367' title='bbox 688 2450 936 2544; x_wconf 58' lang='lat' dir='ltr'>videamus.</span> <span class='ocrx_word' id='word_1_368' title='bbox 972 2499 1033 2544; x_wconf 87' lang='lat' dir='ltr'>Et</span> <span class='ocrx_word' id='word_1_369' title='bbox 1049 2497 1232 2559; x_wconf 84' lang='lat' dir='ltr'>quidem</span> <span class='ocrx_word' id='word_1_370' title='bbox 1248 2497 1535 2548; x_wconf 71' lang='lat' dir='ltr'>dereliffione</span> <span class='ocrx_word' id='word_1_371' title='bbox 1554 2497 1749 2545; x_wconf 82' lang='lat' dir='ltr'>definere</span> <span class='ocrx_word' id='word_1_372' title='bbox 1760 2496 2051 2560; x_wconf 79' lang='lat' dir='ltr'>obiter,supra</span> 
     </span>
     <span class='ocr_line' id='line_1_36' title="bbox 395 2558 2052 2622; baseline -0.001 -17"><span class='ocrx_word' id='word_1_373' title='bbox 395 2558 751 2609; x_wconf 81' lang='lat' dir='ltr'>demonstratum</span> <span class='ocrx_word' id='word_1_374' title='bbox 768 2560 953 2622; x_wconf 84' lang='lat' dir='ltr'>est‚quia</span> <span class='ocrx_word' id='word_1_375' title='bbox 968 2560 1201 2607; x_wconf 82' lang='lat' dir='ltr'>voluntate</span> <span class='ocrx_word' id='word_1_376' title='bbox 1217 2561 1406 2608; x_wconf 82' lang='lat' dir='ltr'>ceffante</span> <span class='ocrx_word' id='word_1_377' title='bbox 1421 2577 1511 2607; x_wconf 91' lang='lat' dir='ltr'>non</span> <span class='ocrx_word' id='word_1_378' title='bbox 1527 2575 1676 2607; x_wconf 87' lang='lat' dir='ltr'>manet</span> <span class='ocrx_word' id='word_1_379' title='bbox 1694 2560 1963 2606; x_wconf 87' lang='lat' dir='ltr'>dominium.</span> <span class='ocrx_word' id='word_1_380' title='bbox 1977 2559 2052 2605; x_wconf 90' lang='lat' dir='ltr'>Est</span> 
     </span>
     <span class='ocr_line' id='line_1_37' title="bbox 395 2620 2049 2686; baseline -0.001 -18"><span class='ocrx_word' id='word_1_381' title='bbox 395 2623 446 2668; x_wconf 85' lang='lat'>&amp;</span> <span class='ocrx_word' id='word_1_382' title='bbox 463 2623 574 2670; x_wconf 83' lang='lat' dir='ltr'>alius</span> <span class='ocrx_word' id='word_1_383' title='bbox 591 2623 818 2670; x_wconf 71' lang='lat' dir='ltr'>desinendi</span> <span class='ocrx_word' id='word_1_384' title='bbox 836 2624 1003 2670; x_wconf 85' lang='lat' dir='ltr'>modus</span> <span class='ocrx_word' id='word_1_385' title='bbox 1023 2662 1034 2679; x_wconf 87' lang='lat'>,</span> <span class='ocrx_word' id='word_1_386' title='bbox 1062 2621 1238 2670; x_wconf 85' lang='lat' dir='ltr'>sublato</span> <span class='ocrx_word' id='word_1_387' title='bbox 1255 2622 1456 2682; x_wconf 63' lang='lat' dir='ltr'>subjecio</span> <span class='ocrx_word' id='word_1_388' title='bbox 1467 2625 1512 2670; x_wconf 89' lang='lat' dir='ltr'>in</span> <span class='ocrx_word' id='word_1_389' title='bbox 1531 2638 1623 2686; x_wconf 88' lang='lat' dir='ltr'>quo</span> <span class='ocrx_word' id='word_1_390' title='bbox 1637 2622 1699 2670; x_wconf 91' lang='lat' dir='ltr'>est</span> <span class='ocrx_word' id='word_1_391' title='bbox 1720 2623 1959 2686; x_wconf 84' lang='lat' dir='ltr'>imperium</span> <span class='ocrx_word' id='word_1_392' title='bbox 1974 2620 2049 2668; x_wconf 87' lang='lat' dir='ltr'>vel</span> 
     </span>
     <span class='ocr_line' id='line_1_38' title="bbox 395 2684 2047 2750; baseline -0.001 -19"><span class='ocrx_word' id='word_1_393' title='bbox 395 2684 653 2732; x_wconf 84' lang='lat' dir='ltr'>dominium</span> <span class='ocrx_word' id='word_1_394' title='bbox 672 2725 684 2744; x_wconf 82' lang='grc'>,</span> <span class='ocrx_word' id='word_1_395' title='bbox 722 2699 826 2732; x_wconf 83' lang='lat' dir='ltr'>ante</span> <span class='ocrx_word' id='word_1_396' title='bbox 842 2686 1158 2733; x_wconf 83' lang='lat' dir='ltr'>alienationem</span> <span class='ocrx_word' id='word_1_397' title='bbox 1175 2685 1340 2732; x_wconf 82' lang='lat' dir='ltr'>scilicet</span> <span class='ocrx_word' id='word_1_398' title='bbox 1360 2686 1432 2733; x_wconf 86' lang='lat' dir='ltr'>ve]</span> <span class='ocrx_word' id='word_1_399' title='bbox 1449 2685 1693 2750; x_wconf 75' lang='lat' dir='ltr'>expressam</span> <span class='ocrx_word' id='word_1_400' title='bbox 1714 2723 1726 2742; x_wconf 84' lang='lat'>‚</span> <span class='ocrx_word' id='word_1_401' title='bbox 1758 2684 1831 2732; x_wconf 87' lang='lat' dir='ltr'>vel</span> <span class='ocrx_word' id='word_1_402' title='bbox 1842 2686 2047 2740; x_wconf 86' lang='lat' dir='ltr'>tacitam,</span> 
     </span>
     <span class='ocr_line' id='line_1_39' title="bbox 395 2745 2048 2817; baseline -0.001 -24"><span class='ocrx_word' id='word_1_403' title='bbox 395 2749 542 2809; x_wconf 85' lang='lat' dir='ltr'>qualis</span> <span class='ocrx_word' id='word_1_404' title='bbox 558 2748 619 2794; x_wconf 91' lang='lat' dir='ltr'>est</span> <span class='ocrx_word' id='word_1_405' title='bbox 633 2750 676 2795; x_wconf 88' lang='lat' dir='ltr'>in</span> <span class='ocrx_word' id='word_1_406' title='bbox 694 2747 1037 2796; x_wconf 80' lang='lat' dir='ltr'>succeffionibus</span> <span class='ocrx_word' id='word_1_407' title='bbox 1056 2749 1113 2795; x_wconf 85' lang='lat' dir='ltr'>ab</span> <span class='ocrx_word' id='word_1_408' title='bbox 1129 2747 1356 2794; x_wconf 85' lang='lat' dir='ltr'>intestato.</span> <span class='ocrx_word' id='word_1_409' title='bbox 1392 2748 1547 2817; x_wconf 81' lang='lat' dir='ltr'>Qare</span> <span class='ocrx_word' id='word_1_410' title='bbox 1563 2748 1682 2810; x_wconf 84' lang='lat' dir='ltr'>fiqua</span> <span class='ocrx_word' id='word_1_411' title='bbox 1698 2745 1884 2811; x_wconf 87' lang='lat' dir='ltr'>persona</span> <span class='ocrx_word' id='word_1_412' title='bbox 1902 2783 1912 2797; x_wconf 93' lang='lat'><em>‚</em></span> <span class='ocrx_word' id='word_1_413' title='bbox 1929 2746 2048 2792; x_wconf 81' lang='lat' dir='ltr'>nulla</span> 
     </span>
     <span class='ocr_line' id='line_1_40' title="bbox 394 2809 2047 2874; baseline -0.002 -17"><span class='ocrx_word' id='word_1_414' title='bbox 394 2809 518 2857; x_wconf 85' lang='lat' dir='ltr'>edita</span> <span class='ocrx_word' id='word_1_415' title='bbox 542 2811 791 2859; x_wconf 85' lang='lat' dir='ltr'>voluntatis</span> <span class='ocrx_word' id='word_1_416' title='bbox 813 2811 1132 2874; x_wconf 68' lang='lat' dir='ltr'>significatione</span> <span class='ocrx_word' id='word_1_417' title='bbox 1150 2848 1161 2866; x_wconf 88' lang='lat'>‚</span> <span class='ocrx_word' id='word_1_418' title='bbox 1191 2810 1314 2857; x_wconf 89' lang='lat' dir='ltr'>nullo</span> <span class='ocrx_word' id='word_1_419' title='bbox 1348 2812 1508 2857; x_wconf 74' lang='lat' dir='ltr'>consan</span> <span class='ocrx_word' id='word_1_420' title='bbox 1574 2812 1678 2856; x_wconf 84' lang='lat' dir='ltr'>ineo</span> <span class='ocrx_word' id='word_1_421' title='bbox 1702 2810 1859 2856; x_wconf 63' lang='lat' dir='ltr'>relisto</span> <span class='ocrx_word' id='word_1_422' title='bbox 1877 2809 2047 2855; x_wconf 86' lang='lat' dir='ltr'>moria-</span> 
     </span>
     <span class='ocr_line' id='line_1_41' title="bbox 394 2826 2048 2936; baseline -0.002 -17"><span class='ocrx_word' id='word_1_423' title='bbox 394 2885 468 2919; x_wconf 85' lang='lat' dir='ltr'>tur</span> <span class='ocrx_word' id='word_1_424' title='bbox 483 2910 496 2929; x_wconf 85' lang='lat'>,</span> <span class='ocrx_word' id='word_1_425' title='bbox 513 2889 650 2920; x_wconf 88' lang='lat' dir='ltr'>omne</span> <span class='ocrx_word' id='word_1_426' title='bbox 663 2874 731 2933; x_wconf 86' lang='lat' dir='ltr'>jus</span> <span class='ocrx_word' id='word_1_427' title='bbox 754 2874 880 2936; x_wconf 85' lang='lat' dir='ltr'>quod</span> <span class='ocrx_word' id='word_1_428' title='bbox 900 2875 1037 2923; x_wconf 89' lang='lat' dir='ltr'>habet</span> <span class='ocrx_word' id='word_1_429' title='bbox 1055 2874 1218 2928; x_wconf 75' lang='lat' dir='ltr'>interit,</span> <span class='ocrx_word' id='word_1_430' title='bbox 1239 2888 1289 2918; x_wconf 86' lang='lat' dir='ltr'>ac</span> <span class='ocrx_word' id='word_1_431' title='bbox 1309 2872 1501 2934; x_wconf 85' lang='lat' dir='ltr'>proinde</span> <span class='ocrx_word' id='word_1_432' title='bbox 1510 2826 1628 2920; x_wconf 45' lang='lat' dir='ltr'>{rvi</span> <span class='ocrx_word' id='word_1_433' title='bbox 1648 2876 1662 2931; x_wconf 85' lang='lat'>(</span> <span class='ocrx_word' id='word_1_434' title='bbox 1678 2873 1751 2919; x_wconf 81' lang='lat' dir='ltr'>nifi</span> <span class='ocrx_word' id='word_1_435' title='bbox 1766 2873 1838 2918; x_wconf 81' lang='lat' dir='ltr'>lex</span> <span class='ocrx_word' id='word_1_436' title='bbox 1854 2872 2048 2917; x_wconf 74' lang='lat' dir='ltr'>humana</span> 
     </span>
     <span class='ocr_line' id='line_1_42' title="bbox 393 2931 2052 3000; baseline -0.002 -18"><span class='ocrx_word' id='word_1_437' title='bbox 393 2934 764 3000; x_wconf 85' lang='lat' dir='ltr'>impediat)erunt</span> <span class='ocrx_word' id='word_1_438' title='bbox 778 2935 1078 2999; x_wconf 79' lang='lat' dir='ltr'>liberizpopuli</span> <span class='ocrx_word' id='word_1_439' title='bbox 1093 2937 1165 2997; x_wconf 89' lang='lat' dir='ltr'>qui</span> <span class='ocrx_word' id='word_1_440' title='bbox 1180 2937 1222 2980; x_wconf 86' lang='lat' dir='ltr'>in</span> <span class='ocrx_word' id='word_1_441' title='bbox 1238 2934 1409 2982; x_wconf 86' lang='lat' dir='ltr'>ditione</span> <span class='ocrx_word' id='word_1_442' title='bbox 1424 2937 1518 2991; x_wconf 78' lang='lat' dir='ltr'>ejus</span> <span class='ocrx_word' id='word_1_443' title='bbox 1537 2934 1713 2981; x_wconf 83' lang='lat' dir='ltr'>fuerant</span> <span class='ocrx_word' id='word_1_444' title='bbox 1729 2934 1789 2982; x_wconf 84' lang='lat' dir='ltr'>sui</span> <span class='ocrx_word' id='word_1_445' title='bbox 1806 2935 1914 2993; x_wconf 79' lang='lat' dir='ltr'>juris</span> <span class='ocrx_word' id='word_1_446' title='bbox 1928 2931 2052 2979; x_wconf 79' lang='lat' dir='ltr'>fient,</span> 
     </span>
     <span class='ocr_line' id='line_1_43' title="bbox 393 2993 2045 3059; baseline -0.003 -16"><span class='ocrx_word' id='word_1_447' title='bbox 393 3000 498 3059; x_wconf 82' lang='lat' dir='ltr'>quia</span> <span class='ocrx_word' id='word_1_448' title='bbox 513 3013 604 3044; x_wconf 89' lang='lat' dir='ltr'>non</span> <span class='ocrx_word' id='word_1_449' title='bbox 621 2998 720 3045; x_wconf 88' lang='lat' dir='ltr'>sunt</span> <span class='ocrx_word' id='word_1_450' title='bbox 737 2999 828 3051; x_wconf 68' lang='lat' dir='ltr'>hacc</span> <span class='ocrx_word' id='word_1_451' title='bbox 844 3000 906 3045; x_wconf 87' lang='lat' dir='ltr'>sui</span> <span class='ocrx_word' id='word_1_452' title='bbox 932 3014 1086 3045; x_wconf 85' lang='lat' dir='ltr'>natura</span> <span class='ocrx_word' id='word_1_453' title='bbox 1103 2996 1403 3059; x_wconf 81' lang='lat' dir='ltr'>occupabilia:</span> <span class='ocrx_word' id='word_1_454' title='bbox 1420 2997 1498 3044; x_wconf 81' lang='lat' dir='ltr'>nisi</span> <span class='ocrx_word' id='word_1_455' title='bbox 1514 2996 1772 3045; x_wconf 87' lang='lat' dir='ltr'>libertatem</span> <span class='ocrx_word' id='word_1_456' title='bbox 1789 2996 1910 3043; x_wconf 87' lang='lat' dir='ltr'>suam</span> <span class='ocrx_word' id='word_1_457' title='bbox 1923 2993 2045 3040; x_wconf 87' lang='lat' dir='ltr'>ultro</span> 
     </span>
     <span class='ocr_line' id='line_1_44' title="bbox 393 3060 1383 3121; baseline 0 -15"><span class='ocrx_word' id='word_1_458' title='bbox 393 3060 700 3121; x_wconf 46' lang='lat' dir='ltr'>deierantses</span> <span class='ocrx_word' id='word_1_459' title='bbox 717 3076 868 3107; x_wconf 86' lang='lat' dir='ltr'>autem</span> <span class='ocrx_word' id='word_1_460' title='bbox 885 3061 975 3107; x_wconf 82' lang='lat' dir='ltr'>aliae</span> <span class='ocrx_word' id='word_1_461' title='bbox 988 3061 1093 3107; x_wconf 77' lang='lat' dir='ltr'>fient</span> <span class='ocrx_word' id='word_1_462' title='bbox 1111 3060 1383 3120; x_wconf 83' lang='lat' dir='ltr'>occupantis.</span> 
     </span>
     <span class='ocr_line' id='line_1_45' title="bbox 395 3117 2044 3229; baseline -0.003 -61"><span class='ocrx_word' id='word_1_463' title='bbox 395 3183 426 3229; x_wconf 78' lang='lat' dir='ltr'>b</span> <span class='ocrx_word' id='word_1_464' title='bbox 462 3121 534 3169; x_wconf 91' lang='lat' dir='ltr'>II.</span> <span class='ocrx_word' id='word_1_465' title='bbox 571 3123 702 3171; x_wconf 86' lang='lat' dir='ltr'>Idem</span> <span class='ocrx_word' id='word_1_466' title='bbox 732 3122 978 3171; x_wconf 88' lang='lat' dir='ltr'>dicendum</span> <span class='ocrx_word' id='word_1_467' title='bbox 1006 3124 1031 3150; x_wconf 85' lang='grc'>*</span> <span class='ocrx_word' id='word_1_468' title='bbox 1047 3122 1079 3169; x_wconf 86' lang='lat' dir='ltr'>fi</span> <span class='ocrx_word' id='word_1_469' title='bbox 1096 3121 1267 3169; x_wconf 81' lang='lat' dir='ltr'>familia</span> <span class='ocrx_word' id='word_1_470' title='bbox 1283 3120 1502 3168; x_wconf 82' lang='lat' dir='ltr'>defecerit</span> <span class='ocrx_word' id='word_1_471' title='bbox 1533 3138 1626 3184; x_wconf 80' lang='lat' dir='ltr'>quae</span> <span class='ocrx_word' id='word_1_472' title='bbox 1654 3122 1721 3179; x_wconf 86' lang='lat' dir='ltr'>jus</span> <span class='ocrx_word' id='word_1_473' title='bbox 1746 3117 1930 3182; x_wconf 81' lang='lat' dir='ltr'>aliquod</span> <span class='ocrx_word' id='word_1_474' title='bbox 1960 3117 2044 3164; x_wconf 78' lang='lat' dir='ltr'>ha·-</span> 
     </span>
    </p>

    <p class='ocr_par' dir='ltr' id='par_1_11' title="bbox 429 3184 550 3230">
     <span class='ocr_line' id='line_1_46' title="bbox 429 3184 550 3230; baseline 0 -1"><span class='ocrx_word' id='word_1_475' title='bbox 429 3184 550 3230; x_wconf 85' lang='lat' dir='ltr'>ebat.</span> 
     </span>
    </p>
   </div>
   <div class='ocr_carea' id='block_1_7' title="bbox 465 3242 2258 3367">
    <p class='ocr_par' dir='ltr' id='par_1_12' title="bbox 465 3242 2258 3367">
     <span class='ocr_line' id='line_1_47' title="bbox 465 3242 2233 3310; baseline -0.006 -15"><span class='ocrx_word' id='word_1_476' title='bbox 465 3244 488 3295; x_wconf 87' lang='lat'>1</span> <span class='ocrx_word' id='word_1_477' title='bbox 505 3245 526 3295; x_wconf 92' lang='grc' dir='ltr'>Ι</span> <span class='ocrx_word' id='word_1_478' title='bbox 543 3247 579 3296; x_wconf 82' lang='lat'>1.</span> <span class='ocrx_word' id='word_1_479' title='bbox 612 3245 742 3296; x_wconf 88' lang='lat' dir='ltr'>Idem</span> <span class='ocrx_word' id='word_1_480' title='bbox 756 3245 786 3296; x_wconf 83' lang='lat' dir='ltr'>fi</span> <span class='ocrx_word' id='word_1_481' title='bbox 804 3246 1015 3310; x_wconf 76' lang='lat' dir='ltr'>populuS.</span> <span class='ocrx_word' id='word_1_482' title='bbox 1052 3245 1187 3295; x_wconf 69' lang='lat' dir='ltr'>Dixit</span> <span class='ocrx_word' id='word_1_483' title='bbox 1202 3245 1417 3296; x_wconf 81' lang='lat' dir='ltr'>Isocrates</span> <span class='ocrx_word' id='word_1_484' title='bbox 1432 3280 1444 3300; x_wconf 85' lang='lat'><em>,</em></span> <span class='ocrx_word' id='word_1_485' title='bbox 1463 3244 1514 3293; x_wconf 70' lang='grc' dir='ltr'><strong><em>δί</em></strong></span> <span class='ocrx_word' id='word_1_486' title='bbox 1526 3243 1624 3309; x_wconf 85' lang='lat' dir='ltr'>post</span> <span class='ocrx_word' id='word_1_487' title='bbox 1641 3258 1742 3293; x_wconf 83' lang='lat' dir='ltr'>eum</span> <span class='ocrx_word' id='word_1_488' title='bbox 1757 3242 1949 3294; x_wconf 85' lang='lat' dir='ltr'>Iulianus</span> <span class='ocrx_word' id='word_1_489' title='bbox 1961 3242 2049 3287; x_wconf 86' lang='lat' dir='ltr'>im·</span> <span class='ocrx_word' id='word_1_490' title='bbox 2068 3254 2121 3287; x_wconf 73' lang='lat' dir='ltr'>De</span> <span class='ocrx_word' id='word_1_491' title='bbox 2143 3258 2233 3298; x_wconf 72' lang='lat' dir='ltr'>paee.</span> 
     </span>
     <span class='ocr_line' id='line_1_48' title="bbox 1850 3302 2258 3367; baseline -0.005 -15"><span class='ocrx_word' id='word_1_492' title='bbox 1850 3318 2051 3367; x_wconf 78' lang='lat' dir='ltr'>petator,</span> <span class='ocrx_word' id='word_1_493' title='bbox 2069 3302 2109 3340; x_wconf 63' lang='lat' dir='ltr'>L·</span> <span class='ocrx_word' id='word_1_494' title='bbox 2123 3304 2258 3337; x_wconf 53' lang='lat' dir='ltr'>Rerum„</span> 
     </span>
    </p>
   </div>
  </div>
 </body>
</html>
