2380 3917
477 272 548 315 432
881 263 1735 307 nttvkx-:Btzttt

481 340 585 384 huic
606 334 793 400 negotio
824 349 957 396 atquc
985 348 1252 397 cognatum.
1285 332 1342 380 Id
1359 349 1512 380 autem
1542 334 1652 380 nihil
1666 335 1728 382 est
1742 335 1864 384 aliud
1878 353 2018 402 quam
2033 341 2061 372 ’¹‘
2076 340 2150 404 ju.

480 398 661 446 dicandi
684 397 883 452 libertas‚
903 412 1038 458 quam
1057 398 1270 444 homines
1280 396 1598 458 colloquentes
1612 397 1682 445 his
1699 398 1861 462 quibus
1872 403 2147 466 colloquun-

482 478 557 510 tur
571 461 737 506 debere
753 461 866 521 quali
883 458 1015 519 pacto
1034 459 1234 522 quodam
1253 461 1396 505 tacito
1408 459 1732 523 intelliguntur.
1769 462 1881 511 Haec
1897 467 2018 511 enim
2034 503 2046 522 ,
2066 481 2149 513 nec

483 526 568 572 alia
584 524 658 577 est,
682 536 837 568 mutua
852 522 925 569 illa
941 522 1166 585 obligatio
1178 538 1312 584 quam
1332 523 1541 568 homines
1558 523 1791 573 introduci
1808 527 2047 575 voluerant
2065 564 2076 578 ,
2091 528 2148 575 fi-

483 588 577 634 mul
594 601 726 648 atque
745 582 950 631 sermone
968 583 1172 647 notisque
1190 584 1402 631 limilibus
1415 586 1479 631 uti
1496 584 1787 635 instituerunt.
1824 588 1952 637 Nam
1971 589 2057 637 fine
2069 591 2148 639 tali

482 650 767 715 obligatione
780 649 907 695 inane
925 646 1071 694 fuiffet
1087 648 1178 694 tale
1194 663 1243 694 re
1278 663 1443 697 ertum.
1478 647 1802 698 Defideratnus
1817 667 1969 700 autem
1984 669 2035 700 ut
2050 669 2148 716 quo

483 727 695 775 tempore
715 710 864 756 sermo
878 711 926 757 fit
947 749 957 766 ‚
986 711 1055 769 jus
1068 710 1180 757 illud
1201 664 1398 758 subfistat
1416 750 1427 767 ,
1454 728 1506 758 ac
1524 727 1702 759 maneat
1720 729 1732 760 :
1750 714 1847 761 fieti
1863 715 1983 761 enim
1997 715 2148 779 potest

482 793 533 822 ut
550 779 616 834 jus
632 773 816 836 quidem
833 772 969 821 fuerit
981 812 992 828 ,
1026 772 1102 820 sed
1119 773 1342 822 sublatum
1357 773 1411 820 fit
1430 813 1442 830 ,
1472 790 1548 823 aut
1565 774 1754 822 tollatur
1770 793 1829 824 ex
1844 777 1934 824 alio
1961 782 2059 839 jure
2074 778 2146 826 su-

480 839 773 902 perveniente
796 875 807 892 ,
839 836 948 883 licut
960 835 1169 884 debitum
1187 836 1531 899 acceptilatione
1556 853 1634 885 aut
1651 838 1930 888 conditionis
1944 841 2148 903 cessatio-

485 918 554 949 ne.
580 900 704 946 Tum
726 914 838 945 vero
858 900 1103 962 requiritur
1118 914 1167 946 ut
1183 902 1254 960 jus
1269 899 1394 962 quod
1418 900 1593 948 laeditur
1611 901 1707 959 ejus
1731 902 1783 948 fit
1798 903 1978 965 quicum
1996 904 2147 966 loqui-

483 980 599 1018 mur,
621 979 711 1008 non
726 962 910 1010 alterius
924 1001 935 1018 ‚
956 961 1067 1009 sicut
1083 964 1132 1008 δε
1148 965 1192 1010 in
1210 962 1736 1025 contractibusinjuffitia
1749 981 1843 1011 non
1857 964 2048 1013 nascitur
2065 966 2146 1015 nifi

247 1048 341 1082 Lem
359 1044 398 1079 de
412 1058 461 1080 n-
483 1044 539 1074 ex
557 1025 655 1072 laeso
674 1028 770 1084 jure
789 1025 1168 1072 contrahentium.
1203 1025 1310 1073 Huc
1329 1026 1451 1073 forte
1469 1044 1562 1074 non
1594 1026 1712 1074 male
1728 1027 1897 1076 referas
1913 1028 2041 1091 quod
2068 1046 2149 1077 ve-

243 1093 322 1139 pue.
482 1089 726 1151 riloquium
743 1088 799 1134 ad
817 1088 1028 1146 justitiam
1044 1089 1188 1136 refert
1205 1088 1303 1152 post
1318 1087 1602 1138 Simonidem
1621 1089 1752 1137 Plato
1769 1129 1782 1148 ,
1812 1093 1862 1136 δε
1879 1092 2004 1156 quod
2017 1108 2146 1139 men-

482 1150 662 1199 dacium
682 1191 692 1205 ‚
709 1151 821 1197 illud
838 1153 1033 1198 vetitum
1052 1191 1064 1209 ‚
1084 1151 1213 1200 sacrae
1229 1153 1363 1199 literae
1379 1152 1488 1217 saepe
1506 1152 1761 1201 describunt
1776 1153 2037 1202 testimonio
2052 1155 2146 1202 five

484 1215 746 1263 elocutione
756 1214 969 1261 adversus
986 1216 1246 1276 proximum
1266 1255 1278 1270 ,
1296 1217 1344 1261 δι’
1358 1217 1485 1278 quod
1501 1216 1594 1279 ipse
1609 1216 1873 1281 Augustinus
1890 1219 1935 1263 in
1952 1217 2145 1266 menda-

251 1299 267 1328 ι
284 1292 349 1340 off.
484 1280 541 1326 cii
558 1293 716 1325 natura
732 1276 1041 1324 constituenda
1058 1280 1189 1340 ponit
1205 1282 1229 1308 *
1250 1277 1434 1326 fallendi
1449 1281 1742 1327 voluntatem.
1762 1280 1819 1326 Et
1838 1279 2008 1327 Cicero
2024 1297 2142 1344 quae·

481 1342 672 1388 stionem
690 1339 749 1387 de
774 1343 964 1388 veritate
982 1340 1236 1402 eloquenda
1264 1340 1424 1389 referri
1456 1343 1551 1390 vult
1571 1342 1628 1390 ad
1642 1342 1810 1403 justitiae
1832 1343 2148 1392 fundamenta.

482 1405 614 1452 Tolli
630 1419 781 1450 autem
795 1403 976 1450 videtur
986 1403 1108 1468 posse
1125 1406 1196 1464 jus
1213 1404 1340 1467 quod
1358 1403 1569 1463 diximus,
1583 1406 1692 1453 ficut
1706 1405 1917 1453 consensu
1931 1409 2024 1467 ejus
2042 1409 2146 1468 qui-

479 1484 585 1514 cum
602 1468 777 1522 aqimus
791 1466 996 1529 expresso
1015 1504 1027 1522 ,
1064 1482 1116 1513 ut
1134 1467 1264 1530 liquis
1278 1468 1533 1532 praedixerit
1549 1469 1589 1517 Ie
1601 1468 1708 1515 falsa
1724 1466 1947 1514 dicturum
1966 1470 2144 1517 &alter

482 1525 732 1594 permiTetit
751 1569 762 1585 ,
780 1531 844 1576 ita
860 1532 908 1576 &
925 1531 1069 1576 tacito
1085 1546 1267 1593 aequave
1282 1533 1454 1578 ratione
1468 1530 1703 1594 pra-sumto
1723 1569 1734 1587 ,
1764 1545 1838 1577 aut
1852 1530 2142 1594 oppolitione

477 1595 590 1655 juris
617 1595 799 1641 alterius
832 1592 958 1654 quod
976 1594 1207 1639 communi
1231 1595 1435 1640 omnium
1466 1594 1635 1656 judicio
1666 1593 1813 1640 multo
1848 1594 1946 1658 plus
1977 1595 2143 1644 valeat.

480 1657 593 1705 Haec
610 1655 730 1703 recte
747 1654 967 1702 intellecta
993 1655 1156 1702 multas
1182 1655 1311 1703 nobis
1331 1655 1676 1721 suppeditabunt
1693 1656 1914 1704 illationes
1931 1697 1942 1712 ‚
1972 1674 2067 1720 quae
2080 1657 2141 1705 ad

479 1718 760 1766 concilianda
794 1717 1108 1765 sententiarum
1136 1718 1268 1781 supra
1295 1717 1626 1784 designatarum
1654 1718 1836 1767 dissidia
1861 1736 1953 1766 non
1979 1737 2141 1785 parum

481 1783 682 1830 valiturae
700 1781 800 1827 fint-

545 1846 593 1892 X
613 1846 630 1892 l
652 1846 690 1891 Ι.
726 1844 926 1891 Primum
945 1843 1005 1890 est
1023 1882 1034 1900 ,
1064 1843 1235 1890 etiamst
1254 1844 1362 1906 quid
1381 1844 1559 1892 dicatur
1574 1844 1702 1908 quod
1717 1844 1870 1892 falsam
1889 1844 2054 1893 habeat
2084 1845 2139 1892 fi-

475 1909 812 1963 ‹gnificatiouem
846 1906 1002 1954 infanti
1019 1922 1096 1953 aut
1114 1911 1282 1955 amenti
1302 1947 1312 1963 ‚
1340 1910 1384 1955 in
1401 1925 1459 1956 eo
1489 1908 1711 1956 mendacii
1739 1909 1916 1970 culpam
1934 1924 2024 1955 non
2036 1908 2136 1956 effe.

477 1962 672 2020 Videtur
688 1971 808 2016 enim
824 1972 1058 2016 communi
1075 1973 1281 2017 omnium
1299 1971 1536 2019 hominum
1554 1970 1674 2019 sensu
1691 1971 1949 2035 permistum
1959 1971 2043 2020 effe
2057 2009 2072 2028 ,

239 2047 369 2086 lma,
760 2044 807 2078 Vt
819 2048 1025 2093 puerorum
1040 2049 1126 2079 atas
1140 2038 1364 2094 improvida
1379 2039 1603 2094 ludtficetur.

477 2095 536 2142 Et
559 2093 857 2158 Qiintilianus
875 2093 932 2141 de
947 2096 1096 2158 puetis
1112 2095 1316 2145 locutus:
1349 2101 1548 2147 utilitatis,
1566 2098 1721 2157 inquit,
1744 2116 1871 2143 eorum
1883 2103 2016 2158 gratia
2032 2100 2136 2143 mub-

473 2161 720 2218 tafingimtu.
755 2160 897 2206 Ratio
915 2159 1128 2220 proxima
1144 2158 1206 2205 est
1223 2196 1235 2214 ,
1256 2161 1361 2220 quia
1371 2176 1475 2206 cum
1494 2161 1538 2206 in
1555 2158 1798 2206 infantibus
1817 2161 1865 2205 Sc
1880 2158 2135 2207 amentibus

473 2237 566 2266 non
579 2220 628 2266 iit
644 2220 798 2280 judicii
815 2221 1001 2267 libertas
1017 2260 1028 2277 ,
1062 2237 1155 2268 non
1172 2221 1319 2285 potest
1346 2224 1409 2270 eis
1425 2225 1544 2270 circa
1569 2239 1669 2270 eam
1685 2221 1944 2270 libertatem
1974 2223 2135 2277 iniuria

471 2283 581 2329 fieti.

538 2344 653 2392 XII
672 2343 708 2390 Ι.
744 2345 1003 2393 Secundum
1021 2346 1082 2394 est
1101 2386 1112 2404 ,
1147 2350 1326 2409 quoties
1353 2346 1501 2395 sermo
1519 2346 1575 2394 ad
1594 2365 1696 2395 eum
1714 2347 1924 2410 dirigitur
1946 2346 2022 2409 qui
2038 2362 2132 2394 non

470 2408 710 2471 decipitur,
728 2409 901 2456 etiamsi
921 2411 1078 2457 tertius
1094 2411 1198 2457 inde
1216 2410 1372 2457 falsam
1391 2411 1565 2458 hauriat
1582 2410 1906 2475 persuasionem
1925 2449 1936 2465 ,
1956 2409 2131 2455 nullum

468 2471 553 2518 effe
572 2472 860 2520 mendacium
880 2489 892 2520 :
923 2471 1039 2520 Non
1067 2475 1243 2520 ratione
1262 2477 1356 2524 eius
1369 2474 1423 2520 ad
1440 2490 1570 2537 quem
1590 2474 1737 2518 termo
1754 2471 1816 2518 est
1834 2487 1846 2519 :
1876 2474 1981 2534 quia
1997 2471 2131 2518 illili-

469 2534 617 2580 bettas
635 2552 786 2582 manet
813 2536 988 2600 integra
1014 2535 1140 2598 plane
1170 2552 1221 2583 ut
1249 2537 1336 2584 illis
1363 2537 1518 2599 quibus
1534 2532 1578 2580 id
1596 2534 1950 2599 intelligentibus
1973 2533 2130 2581 fabula

238 2607 303 2633 ’Π
323 2599 362 2631 de
384 2604 449 2634 Βε-
473 2613 672 2643 narratur
692 2637 703 2648 ,
740 2614 816 2645 aut
831 2598 949 2660 apud
968 2614 1084 2661 quos
1101 2598 1332 2664 profertur
1343 2598 1488 2644 sermo
1506 2598 1721 2662 figuratus
1737 2596 1828 2639 κατ’
1842 2597 2029 2656 &gart-'sao-
2050 2609 2129 2644 aut

237 2643 298 2687 '¹³s·
316 2657 375 2691 ζ5·
470 2664 553 2699 καθ’
569 2657 793 2719 ι’πεςὲυὲν,
811 2678 906 2724 qux
925 2661 1137 2724 figura‚ut
1155 2660 1322 2708 Seneca
1345 2662 1420 2716 ait,
1437 2662 1461 2687 *
1480 2661 1538 2707 ad
1552 2676 1708 2707 vetum
1724 2659 1962 2707 mendacio
1978 2661 2124 2707 venit:

464 2724 514 2769 &
583 2725 810 2770 uintiliano
841 2726 1090 2771 ementiens
1113 2723 1376 2787 superiectio
1402 2723 1584 2771 dicitur.
1618 2723 1788 2786 Neque
1815 2725 1995 2769 ratione
2024 2723 2126 2783 ejus

467 2788 543 2845 qui
563 2790 711 2834 obiter
738 2787 784 2833 id
811 2787 965 2833 audit:
998 2789 1100 2847 quia
1116 2802 1220 2833 cum
1238 2803 1295 2833 eo
1314 2803 1401 2833 non
1421 2788 1567 2850 agitur
1585 2827 1595 2838 ,
1624 2787 1822 2848 ideoque
1838 2786 1957 2832 nulla
1983 2785 2044 2832 est
2061 2784 2122 2832 ad

465 2849 590 2895 illum
610 2850 854 2906 obligatio.
890 2850 989 2895 Imo
1019 2849 1047 2894 li
1080 2848 1170 2912 ipse
1189 2849 1266 2896 fibi
1299 2851 1558 2912 opinionem
1586 2849 1806 2896 informat
1832 2849 1891 2894 de
1920 2864 1977 2896 eo
1997 2846 2124 2912 quod

466 2928 556 2957 uon
571 2914 646 2973 ipfi
670 2953 679 2967 ,
702 2903 776 2959 scd
796 2912 924 2958 alteri
943 2912 1112 2957 dicitur
1130 2951 1140 2967 ,
1162 2911 1298 2958 habet
1314 2912 1437 2972 quod
1459 2913 1533 2958 sibi
1553 2929 1642 2959 non
1658 2913 1782 2959 alteri
1800 2928 1896 2957 rem
1912 2912 2124 2972 imputet.

466 2975 650 3037 Qippe
670 2976 695 3022 fi
717 2975 834 3021 recte
853 2975 1054 3032 judicare
1089 2975 1297 3021 volumus
1315 2975 1427 3021 illius
1462 2973 1660 3038 respectu
1689 2975 1836 3021 sermo
1865 2990 1953 3021 non
1973 2975 2124 3020 sermo

235 3041 440 3095 htuxssuv.
463 3037 537 3088 est,
560 3037 630 3083 sed
653 3054 723 3082 tes
741 3054 832 3098 quae
855 3037 1094 3100 significare
1114 3037 1334 3099 quidlibet
1351 3038 1508 3097 potest.
1546 3038 1675 3085 Nihil
1700 3053 1812 3102 ergo
1827 3038 2032 3099 peccavit
2046 3047 2123 3081 aut

237 3089 416 3132 *ff'ff'sp’
464 3098 587 3145 Cato
611 3099 870 3153 Censorius,
891 3102 965 3161 qui
986 3099 1118 3146 sociis
1135 3101 1300 3147 auxilia
1317 3099 1428 3147 falso
1446 3100 1507 3146 est
1525 3102 1752 3164 pollicitus
1771 3137 1782 3156 ‚
1817 3116 1892 3145 aut
1920 3099 2122 3150 flaccus,

462 3165 538 3223 qui
577 3163 767 3209 hostium
793 3162 950 3208 urbem
977 3161 1034 3208 ab
1058 3163 1240 3209 AEmilio
1264 3178 1568 3227 expugnatam
1602 3165 1697 3210 aliis
1727 3164 1951 3219 narravit,
1978 3174 2123 3222 quan-

460 3241 596 3284 quam
612 3241 668 3271 eo
690 3225 834 3271 hostes
852 3225 1029 3286 decepti
1048 3224 1162 3273 sunt:
1178 3228 1249 3271 cui
1266 3228 1327 3272 rei
1346 3225 1530 3272 fimilem
1551 3227 1610 3272 de
1625 3225 1830 3288 Agesilao
1848 3239 1997 3271 narrat
2014 3220 2122 3268 Plu·

461 3289 656 3337 tarchus.
674 3287 805 3337 Nihil
822 3290 941 3335 euim
959 3289 1033 3337 hic
1050 3288 1219 3337 dietum
1234 3287 1435 3339 hostibus
1454 3307 1465 3340 z
1483 3280 1807 3338 nocumentum
1825 3303 1976 3335 autem
1991 3278 2120 3389 qugd

2009 3363 2054 3394 in
2089 3356 2116 3388 e
