2475 3854
999 245 1414 296 INDEX.

380 321 516 366 Praeda
525 320 727 364 interdum
742 318 908 364 subditis
932 323 1180 366 conceditur.

435 382 527 426 484.
554 375 651 418 socii
676 377 895 431 aliquando
931 388 1084 431 partem
1109 375 1181 417 ha-

434 433 530 472 bent
543 430 583 471 in
598 444 654 472 ea.
1085 430 1177 474 ibid.

380 484 524 526 Praedae
539 484 695 526 decima
722 483 963 528 consecrata.

380 538 523 581 Praedae
532 539 599 593 jus
613 539 797 594 probavit
806 541 930 582 Deus.
1100 552 1178 589 472

379 593 524 636 Praedae
537 593 702 636 nornine
727 594 845 637 urbes
858 596 903 638 δι
919 594 1007 651 agri
1019 592 1183 638 veniunt

433 648 476 689 in
490 647 565 703 piis
578 649 716 692 cautis.
1102 656 1181 697 482

380 701 524 745 Praedae
537 716 695 761 genera.
1102 711 1181 752 482,

1232 323 1388 385 Privata
1414 323 1529 384 causa
1555 336 1651 368 eum
1674 327 1834 383 publica
1856 328 1899 373 in
1925 330 2036 375 bello

1284 391 1474 439 conjurigi
1491 381 1629 433 potest„
1977 392 2032 435 98

1101 496 1179 536 472-
1204 432 1448 509 'Privilegia
1473 437 1688 490 quomodo
1725 436 2033 493 interpretanda,

1205 522 1210 547 Ι

1231 540 1449 598 Privilegia
1488 556 1576 598 quae
1614 543 1692 588 late
1719 506 2032 602 interpretati&

1230 648 1438 695 Prohibita
1465 666 1546 696 non
1571 653 1722 709 semper
1748 655 1871 700 etiam
1902 606 2032 701 ἰῐῐςὶξξ.

1953 726 2029 765 ¹55

379 756 526 800 Praedae
537 758 680 801 divilio
693 768 795 814 quot
807 756 944 802 modis
957 757 1072 801 faeta.
1087 765 1180 807 480·
1231 757 1445 801 Promiffio
1458 773 1539 803 non
1565 761 1698 805 omnis
1710 763 1819 807 tollit
1831 765 2033 810 summum

435 811 588 871 &fi‘qq-

1284 813 1515 866 imperium.
1977 825 2002 862 6
2012 833 2030 861 1

378 866 526 910 Praedae
550 880 638 922 pars
665 867 759 911 data
784 866 834 910 iis
853 867 925 922 qui
938 881 1020 911 non
1034 867 1185 910 milita·
1234 864 1444 910 Promiffio
1458 881 1503 911 ut
1518 869 1643 912 valeat
1658 874 1911 927 acceptanda.
1952 887 2038 928 224

433 931 534 964 rent.
1100 930 1179 971 482

378 974 524 1037 Praeda?
551 989 638 1032 pars
663 978 756 1024 data
783 977 1076 1020 miserabilibus
1099 990 1187 1029 per-

433 1031 556 1073 sonis.
1091 1032 1182 1075 ibid.

376 1084 550 1132 Praedari
576 1084 749 1129 vetitum
774 1097 959 1129 manente
988 1086 1185 1141 periculo.

1286 922 1397 964 illins
1419 925 1641 975 acceptatio
1653 931 1865 980 quomodo
1879 930 1949 971 fiat
1967 949 1975 972 ε
1993 933 2038 974 &

1287 990 1334 1018 an
1366 978 1609 1021 innotescere
1636 981 1776 1023 debeat
1796 985 2037 1037 promiffori,

1286 1043 1332 1126 ¹qt
1347 1032 1561 1085 perfeetam
1590 1035 1672 1077 vim
1702 1036 1840 1079 habeat
1868 1038 2035 1093 promis-

1302 1100 1356 1127 io.
1954 1110 1975 1135 2
1986 1109 1997 1123 '
2013 1109 2033 1144 5

1102 1148 1179 1191 485
1234 1139 1447 1183 Promiffio
1481 1156 1531 1184 an
1554 1144 1791 1187 revocabilis
1806 1158 1897 1189 ante
1921 1161 2036 1190 acce-

375 1194 583 1239 Praedandi
610 1195 772 1238 licentia
793 1196 898 1239 olim
923 1195 1029 1239 inter
1052 1209 1180 1251 popu-

431 1252 494 1293 los
507 1250 699 1293 diversos.
1102 1258 1183 1298 264

377 1305 595 1349 Praediecio
609 1306 748 1349 divina
762 1319 810 1347 an
824 1305 886 1358 jus
899 1305 983 1349 det.
1103 1304 1180 1355 388

377 1360 559 1404 Praedoni
571 1362 670 1405 fides
685 1363 867 1404 debetur.
1103 1364 1181 1415 568

376 1417 592 1460 Praedones
606 1419 728 1460 duces
742 1416 847 1460 faeti.
1097 1429 1184 1464 450

374 1471 591 1514 Praemium
602 1474 669 1514 cui
683 1472 876 1513 debeatur
888 1501 898 1516 .
925 1471 949 1512 fi
963 1470 1048 1512 duo
1064 1471 1181 1514 simul

428 1526 685 1581 impleverint
699 1526 995 1568 conditionem.
1105 1531 1177 1568 281

373 1580 607 1624 Praesentem
646 1581 878 1635 reipublicae
901 1581 1048 1624 statum
1076 1580 1182 1623 tueri

431 1637 534 1679 civis
547 1636 646 1679 boni
660 1637 727 1678 est.
1103 1651 1118 1677 1
1127 1649 1183 1686 40

374 1690 632 1734 Praesumitur
659 1691 701 1732 in
726 1689 852 1733 dubio
875 1704 949 1742 pax
977 1691 1077 1732 inita
1102 1692 1181 1733 hoc

427 1747 533 1789 sensu
549 1782 561 1800 ‚
593 1758 637 1788 ut
654 1760 716 1788 res
729 1758 914 1788 maneant
925 1746 968 1789 in
983 1747 1081 1791 statu
1099 1776 1109 1790 ‚
1138 1746 1180 1787 in

427 1815 514 1856 quo
527 1801 729 1856 postremo
746 1814 870 1843 eraut.
1095 1812 1178 1855 577

373 1857 511 1899 Pteria
526 1870 662 1898 rerum
676 1857 788 1898 unde.
1103 1868 1125 1896 2
1133 1871 1152 1907 3
1159 1871 1180 1908 3

373 1910 502 1954 Primi
516 1925 596 1953 vox
609 1911 704 1964 quid
722 1909 929 1965 fignificet.
1102 1913 1174 1952 281

372 1967 574 2020 Princeps,
593 1966 683 2008 vide
701 1965 807 2007 Rex.

373 2021 563 2074 Princeps
589 2020 749 2061 noviter
775 2021 906 2061 faetus
922 2018 1031 2061 sedet
1045 2033 1097 2061 eo
1121 2020 1163 2060 lo

426 2089 491 2125 co,
506 2088 590 2129 quo
604 2087 694 2116 ante
708 2076 895 2128 populus.
1102 2078 1178 2115 208

373 2129 578 2181 Principes
606 2129 748 2184 populi
786 2128 904 2170 liberi
931 2128 973 2170 vi
1013 2128 1179 2182 reprimi

438 2184 608 2241 poss‘unt.
1125 2194 1179 2232 90

371 2240 559 2284 Privatus
583 2251 664 2281 non
690 2237 809 2279 debet
825 2237 873 2278 ad
889 2235 927 2277 se
952 2249 1090 2291 rapere
1110 2235 1174 2290 ju-

426 2294 583 2338 dicium
597 2293 707 2347 quod
723 2291 778 2333 est
795 2290 948 2345 populi.
1124 2303 1147 2340 9
1155 2300 1176 2337 3

372 2350 556 2394 Privatus
570 2347 607 2388 se
633 2347 818 2401 obligans
845 2343 950 2386 hosti
975 2357 1024 2386 an
1037 2356 1177 2386 contra

428 2402 715 2456 rempublicam
732 2401 866 2441 faciat.
1093 2404 1177 2450 604

373 2457 528 2502 Privati
554 2470 604 2498 an
631 2455 802 2510 cogendi
845 2456 868 2496 a
908 2452 1177 2507 superioribus

427 2512 596 2567 implere
610 2542 623 2563 ,
653 2511 765 2564 quod
778 2509 880 2552 hosti
894 2507 1173 2562 promiserunt.

1091 2566 1170 2612 605

374 2618 529 2666 Privati
542 2619 663 2674 Paetis
675 2630 769 2660 cnm
796 2617 907 2658 hoste
922 2616 1173 2672 obligantur:

428 2679 474 2719 δε
488 2689 571 2729 quo
586 2673 690 2715 sensu
703 2672 825 2713 etiam
840 2670 978 2725 piratis
994 2673 1037 2712 ὃ(
1051 2672 1173 2712 latro-

429 2731 547 2772 nibus
561 2728 804 2783 obligentur.
1088 2729 1174 2775 604

374 2786 544 2828 Privatae
558 2782 848 2825 interfectionis
859 2779 1036 2831 exempla
1045 2809 1056 2820 .
1095 2793 1114 2831 3
1123 2795 1144 2819 2
1151 2792 1171 2828 3

374 2839 548 2883 Privatis
573 2835 815 2880 Christianis
839 2847 888 2876 an
901 2834 1020 2875 liceat
1034 2835 1174 2887 punire

429 2893 652 2934 maleficos.
1096 2901 1115 2937 3
1124 2902 1145 2930 2
1152 2897 1172 2932 8

374 2946 525 2992 Privati
551 2957 744 3001 quatenus
782 2953 898 2999 capta
924 2942 988 2987 sua
1014 2941 1171 2984 faciant.

374 3055 526 3102 Privati
538 3055 588 3096 de
603 3054 709 3096 bello
723 3052 865 3106 captis,
878 3052 1038 3105 quando
1051 3051 1139 3094 host
1162 3085 1170 3100 ,

429 3110 590 3163 quando
604 3108 761 3151 civitati
775 3119 998 3148 teneantur.
1081 3107 1171 3149 ibid.

375 3165 630 3222 Privatorum
644 3165 756 3219 pacta
773 3175 869 3207 cum
896 3161 1075 3206 hostibus
1087 3175 1174 3213 quae

426 3219 558 3262 irrita.
1082 3219 1171 3269 604

1287 1197 1535 1250 prationem:
1563 1200 1606 1239 &
1623 1212 1790 1241 mortuo
1805 1214 1896 1243 ante
1924 1216 2038 1244 acce-

1288 1253 1507 1303 ptationem
1521 1253 1779 1306 promissario.
1938 1258 2035 1302 ibid.

1234 1304 1442 1347 Promiffio
1466 1319 1514 1347 an
1533 1308 1714 1350 revocari
1740 1306 1852 1362 poffir
1868 1323 2037 1355 mortuo

1286 1361 1533 1421 iuternuntio
1545 1379 1566 1404 .:
1579 1361 1678 1404 item
1691 1377 1857 1406 mortuo
1870 1366 2031 1407 tabella-

1288 1429 1360 1456 rio.
1938 1420 2033 1465 ibid.

1234 1470 1445 1514 Promiffio
1460 1485 1529 1525 per
1556 1471 1780 1515 ministrnm
1794 1473 1898 1517 fasta
1911 1488 2036 1529 quan-

1287 1526 1342 1567 do
1359 1527 1611 1568 revocabilis.
1932 1529 2031 1574 ibid.

1232 1578 1443 1623 Promiffio
1469 1581 1568 1624 faeti
1582 1582 1704 1624 alieni
1718 1582 1816 1637 quid
1830 1596 2033 1637 operetur.

1942 1650 1967 1680 2
1978 1653 1997 1678 2

1231 1685 1442 1751 Promiffio
1473 1689 1642 1743 requirit
1669 1690 1785 1734 usum
1812 1693 1978 1736 rationis
1993 1649 2035 1736 i1⁷1

1287 1756 1557 1797 promittente.
1952 1759 2032 1790 221

1233 1798 1444 1841 Promiffio
1475 1800 1516 1841 in
1544 1811 1681 1841 errore
1697 1800 1861 1844 fundata
1874 1806 2037 1857 quando

1285 1853 1505 1904 dicatur,&
1520 1854 1618 1905 quid
1633 1867 1831 1906 operetur.
1952 1870 2037 1900 222

1233 1906 1446 1950 Promiffio
1461 1909 1517 1950 rei
1532 1908 1682 1949 illicitae
1696 1923 1776 1951 non
1791 1912 1915 1956 valet.
1955 1926 2034 1966 223

1205 1977 1209 1984 ·
1233 1960 1444 2004 Promiffio
1458 1961 1552 2004 faeti
1568 1994 1579 2008 ,
1611 1964 1720 2015 quod
1737 1967 1896 2007 nuncin
1923 1980 2038 2020 pote-

1286 2018 1383 2058 state
1396 2017 1669 2071 promittentis
1683 2032 1764 2060 non
1780 2020 1948 2075 est‚quid
1964 2036 2037 2063 va-

1286 2071 1377 2111 leat.
1940 2077 2034 2119 ibid.

1232 2122 1443 2165 Promiffio
1458 2137 1506 2164 ex
1521 2135 1647 2166 metu.
1943 2130 2037 2173 ibid.

1230 2177 1443 2219 Promiffio
1472 2179 1527 2219 ob
1557 2178 1714 2223 causam
1738 2193 1831 2224 ante
1859 2183 2036 2228 debitam

1283 2246 1332 2274 an
1347 2233 1512 2287 obliget.
1948 2250 2036 2291 224

1230 2285 1440 2329 Promiffio
1469 2285 1641 2341 perfecta
1669 2288 1765 2342 quid
1793 2321 1807 2341 ,
1834 2293 1882 2336 ἀ
1911 2306 2035 2347 qnam

1283 2344 1367 2382 vim
1385 2342 1541 2383 habeat.
1949 2361 2029 2391 ιιι

1229 2392 1436 2440 Promiffio
1450 2408 1601 2437 novum
1611 2395 1677 2448 jus
1693 2395 1866 2442 confert.
1936 2412 2027 2455 434

1227 2448 1436 2493 Promissio
1464 2451 1514 2492 de
1539 2464 1620 2492 non
1646 2450 2029 2507 fugiendoavineto

1281 2505 1385 2548 faeta
1400 2505 1518 2546 valet.
1941 2513 2024 2560 605

1227 2558 1435 2600 Promiffio
1461 2560 1511 2599 de
1537 2573 1618 2601 non
1646 2559 1849 2603 redeundo
1875 2562 1916 2604 in
1940 2579 2028 2606 cer-

1278 2625 1361 2655 tum
1377 2615 1512 2654 locum
1528 2642 1539 2657 ,
1570 2616 1613 2655 δ(
1630 2614 1677 2655 de
1692 2629 1774 2657 non
1787 2617 2019 2667 militando,

1279 2667 1380 2709 hosti
1395 2667 1497 2709 faeta
1513 2668 1631 2709 valet.
1930 2673 2019 2723 ‘605

1225 2721 1501 2764 Promissiouis
1527 2722 1692 2765 materia
1714 2725 1844 2780 qualis
1868 2726 1940 2768 ess'e
1954 2731 2025 2769 de-

1279 2778 1376 2835 beat.
1937 2794 1962 2823 2
1973 2797 1990 2820 2
1997 2798 2022 2836 3

1226 2830 1496 2874 Prmmffionis
1511 2831 1584 2873 vis.
1842 2849 1862 2874 2
1872 2848 1886 2874 1
1897 2848 1962 2884 9,2
1972 2851 2024 2878 ιο

1226 2884 1478 2981 Ρι-ῗῐηᾲίίῖοηὶ
1499 2901 1603 2930 onus
1629 2887 1746 2942 adjici
1761 2891 1920 2944 qnando
1937 2892 2023 2944 ροβ-

1294 2950 1335 2981 it.
1935 2950 2021 2987 226

1228 2990 1504 3036 Promiffiones
1531 2995 1689 3039 causam
1717 2997 1923 3051 expressam
1940 3014 2021 3042 non

1284 3051 1468 3089 habentes
1484 3052 1715 3093 naturaliter
1727 3054 1868 3094 valent.
1929 3053 2022 3097 ibid.

1229 3103 1462 3146 Promissum
1491 3108 1545 3146 ob
1589 3105 1744 3148 causam
1784 3120 1940 3161 turpem
1968 3123 2020 3150 au

1281 3159 1552 3211 praestandum'.
1935 3174 2017 3210 223

1229 3209 1410 3257 Promiffi
1438 3226 1540 3257 onus
1567 3213 1609 3258 in
1624 3216 1886 3262 commodum
1911 3217 2021 3260 tertii

1881 3270 2020 3327 adjun-
