2380 3917
134 2293 245 2337 „Apud
258 2291 333 2326 Pho.

133 2351 230 2375 num-

135 2424 206 2459 be.
221 2434 301 2461 xvi.

368 337 414 374 62
774 335 1632 378 DEIVREBELLI

366 404 605 464 imperium
626 440 635 451 ,
659 403 746 446 sive
765 399 989 463 obligatio
1021 399 1246 447 duntaxat
1269 400 1404 448 cadat
1433 405 1478 448 in
1496 404 1767 453 exercitium
1786 404 1923 466 astus,
1948 408 2041 458 five

367 482 503 510 etiam
534 465 701 509 directe
720 466 762 509 in
782 462 918 524 iplam
939 461 1217 510 facultatem.
1257 462 1416 511 Priore
1436 463 1581 526 specie
1599 465 1722 515 aRus
1754 484 1914 519 contra
1932 488 2043 535 pro-

368 529 541 573 millum
562 526 700 572 factus
718 526 801 571 erit
822 525 999 580 iniustus
1020 563 1029 577 ,
1054 527 1160 589 quia
1183 564 1193 574 ,
1212 540 1259 572 ut
1276 527 1378 573 alibi
1391 527 1698 586 ostendemus,
1717 547 1827 578 vera
1845 536 2042 597 promis-

366 592 427 636 lio
448 592 513 645 jin
530 590 603 635 dit
624 591 659 635 ei
680 591 748 633 cui
771 589 1085 650 promittitur:
1114 587 1252 635 altera
1290 605 1443 637 autem
1475 589 1620 654 specie
1636 595 1723 640 erit
1736 596 1875 642 etiam
1894 598 2041 644 nullus

365 653 546 697 ‹left-ctu
569 651 802 696 facultatis.
841 650 1007 713 Neque
1024 651 1129 697 inde
1147 666 1298 698 tamen
1318 653 1514 718 sequitur
1530 692 1541 711 ,
1574 655 1636 701 ita
1652 658 1951 718 promittente
1969 659 2040 706 su-

366 717 591 777 pedorem
611 714 707 759 dati
728 714 920 774 aliquem
941 734 956 772 3
984 714 1127 761 nullus
1152 716 1271 760 enim
1290 715 1325 761 is
1342 716 1463 762 actus
1482 731 1573 762 non
1601 717 1810 766 redditur
1829 722 1918 768 hoc
1935 723 2040 768 casu

364 795 420 824 ex
439 781 483 824 vi
499 778 740 838 liuva-tiore,
761 775 832 822 led
857 777 949 838 ipso
966 777 1076 827 iure.
1109 777 1241 839 Apud
1263 778 1414 825 Perstis
1431 793 1510 825 rex
1525 777 1704 827 summo
1720 797 1827 828 cum
1841 785 2038 848 imperio

367 855 460 885 erat
478 879 488 889 .,
522 840 750 897 αυτκςοιτὲς
768 842 802 896 ug
818 838 1088 887 aivumv'ssw&
1111 873 1122 892 ‚
1136 855 1182 886 ut
1210 841 1266 886 dc
1283 856 1342 886 eo
1371 839 1636 890 Plutarchus
1650 843 1854 906 loquitur
1873 883 1885 902 ,
1922 847 1971 892 δε
1987 861 2040 894 ut.

369 905 525 966 imago
544 902 633 947 Dei
654 900 934 947 adorabatur
952 918 962 949 :
979 903 1026 948 &
1044 918 1092 949 ut
1110 902 1229 966 apud
1248 902 1455 951 Iustinum
1470 903 1546 960 est,
1566 920 1657 951 non
1673 907 1942 954 mutabatur
1958 909 2038 957 nist

313 970 321 980 ⁴
339 1016 358 1032 ,ι
370 981 537 1011 morte.
571 965 674 1012 Rex
691 979 787 1009 erar
811 967 889 1026 qui
905 964 1089 1012 dicebat
1121 966 1387 1030 proceribus
1424 965 1656 1015 Persarum
1671 987 1689 1027 3
1707 978 1766 1015 Ne
1783 975 1937 1017 viderer
1954 991 2037 1019 meo

369 1032 640 1075 tantammodo
657 1030 747 1087 usus
762 1030 906 1089 consilio
929 1063 939 1079 ‚
968 1049 1034 1074 vos
1047 1038 1230 1076 contraxi.
1266 1035 1683 1088 caeterummen'zentote,
1696 1035 1912 1093 parendum
1927 1037 2038 1082 wb1‘5

367 1099 488 1151 magis
517 1094 578 1151 ‘ffi'
609 1108 730 1151 quam
743 1092 1000 1148 suadendum.
1036 1089 1216 1139 Tamen
1251 1092 1301 1136 δε
1330 1092 1507 1153 jurabat
1528 1109 1633 1140 cum
1651 1109 1843 1157 regnum
1871 1094 2019 1143 adiret
2031 1132 2044 1148 ‚

367 1153 494 1214 quod
513 1152 816 1259 Xssssolfhoffl
834 1153 882 1198 &
901 1153 1122 1201 Diodoro
1138 1153 1294 1202 Siculo
1323 1171 1531 1203 notatum
1550 1194 1562 1213 ,
1580 1157 1767 1222 &leges
1784 1172 1909 1204 certa
1921 1175 2032 1220 qua-—

366 1226 475 1261 dam
493 1214 645 1262 forma
680 1229 772 1262 atas
807 1215 832 1242 *
869 1230 1047 1263 mutare
1062 1217 1123 1263 illi
1142 1216 1267 1264 nefas
1282 1232 1381 1265 erat
1403 1257 1413 1276 ,
1428 1233 1478 1266 ut
1493 1221 1541 1265 δε
1565 1219 1766 1267 Danielis
1786 1220 1970 1268 historia
1986 1224 2038 1268 δζ

367 1277 633 1325 Plutarchus
646 1279 690 1323 in
709 1278 1020 1326 Themistocle
1037 1294 1119 1327 nos
1133 1281 1317 1339 docent,
1338 1282 1575 1330 Diodorus
1589 1298 1769 1349 quoque
1785 1281 1961 1332 Siculus
1979 1285 2036 1331 li-

364 1341 451 1388 bro
481 1359 571 1389 xvr
584 1358 601 1388 1
627 1379 638 1394 ,
659 1343 706 1385 ἃ*
726 1341 874 1388 multo
891 1342 991 1405 post
1003 1359 1097 1390 tem
1113 1360 1214 1392 wore
1232 1343 1485 1409 Procopius
1503 1346 1662 1394 Perlici
1679 1345 1785 1392 belli
1803 1345 1923 1392 libro
1941 1349 2035 1411 pri-

360 1421 459 1460 mo,
478 1404 554 1452 ubi
568 1405 742 1466 insignis
756 1404 813 1452 ad
831 1405 946 1453 hanc
962 1421 1059 1453 rem
1153 1406 1335 1455 historia
1350 1409 1508 1456 exstat.
1539 1409 1668 1456 Idem
1687 1408 1746 1456 de
1764 1402 2034 1475 AEthiopuni

363 1468 548 1533 regibus
561 1456 703 1515 tradit
722 1467 963 1516 Diodorus
981 1467 1165 1518 Siculus.
1204 1469 1381 1518 Eodem
1398 1472 1607 1519 tradente
1618 1473 1940 1542 AEgyptiorum
1960 1488 2034 1519 re-

364 1547 463 1642 ges,
477 1548 591 1593 quos
605 1546 757 1578 tamen
774 1547 823 1579 ut
835 1531 949 1579 alios
965 1549 1094 1596 reges
1105 1534 1323 1591 Orientis,
1342 1535 1519 1582 summo
1532 1537 1725 1599 imperio
1743 1535 1845 1582 usos
1861 1551 1953 1582 non
1969 1534 2034 1582 est

400 1595 556 1642 ubium
572 1634 583 1652 ,
603 1594 660 1640 ad
680 1594 923 1641 multatum
941 1611 1093 1643 rerum
1122 1597 1484 1646 observationem
1503 1597 1819 1662 obligabantur
1842 1613 2032 1646 :verum

366 1659 396 1707 si
412 1673 574 1705 contra
591 1656 803 1713 fecill'eut,
823 1657 1015 1706 accusari
1031 1661 1125 1707 vivi
1143 1677 1234 1708 non
1281 1674 1462 1707 oterant
1479 1699 1492 1718 ‚
1513 1661 1589 1709 fed
1603 1668 1627 1693 *
1655 1676 1947 1708 mortuorum
1963 1676 2034 1706 ac-

366 1721 603 1769 cusabatur
618 1724 843 1768 memoria
866 1761 877 1779 ,
897 1724 944 1768 &
975 1722 1201 1772 damnatis
1228 1741 1253 1772 a
1287 1723 1568 1784 judicabatur
1584 1723 1772 1772 solennis
1791 1723 2031 1787 sepultura,

370 1785 479 1832 ficut
494 1787 541 1831 Sc
575 1783 600 1810 *
637 1783 939 1831 Hebraeorum
958 1800 1117 1849 regum
1137 1825 1148 1843 ,
1169 1788 1244 1850 qui
1262 1787 1380 1834 male
1393 1788 1651 1850 regnassent,
1668 1788 1889 1835 cadavera
1903 1801 2033 1833 extra

368 1849 604 1913 proprium
622 1846 802 1913 regibus
827 1848 981 1894 locum
1011 1849 1181 1914 sepulta
1201 1889 1211 1907 ,
1232 1866 1251 1896 1
1265 1865 1285 1896 1
1322 1849 1423 1897 Par.
1437 1866 1563 1898 xx1v
1578 1889 1590 1907 ,
1609 1862 1668 1910 25
1686 1871 1701 1910 3
1732 1865 1852 1897 xxvt
1866 1866 1884 1895 l
1898 1866 1937 1901 1,
1952 1861 2026 1904 27.

365 1913 556 1977 egregio
573 1925 957 1973 temperamento,
975 1927 1068 1972 quo
1101 1915 1149 1959 &
1166 1910 1456 1960 sanitimonia
1474 1911 1649 1960 summae
1707 1913 1904 1960 otestatis
1931 1928 2033 1959 mam

364 1990 508 2031 neret,
527 1977 572 2022 δε
593 1989 746 2020 tamen
760 1972 903 2021 futuri
916 1974 1070 2034 judicii
1090 1991 1213 2022 metu
1229 1991 1357 2040 reges
1371 1980 1397 2022 a
1413 1975 1502 2022 fide
1515 1991 1668 2023 mutan
1706 1993 1731 2022 a
1745 1978 2032 2023 retraheren-

365 2052 453 2085 tur.
492 2037 614 2101 Epiri
631 2053 813 2099 quoque
826 2053 955 2100 reges
971 2039 1123 2097 jurare
1140 2038 1296 2086 solitos
1314 2074 1323 2089 ‚
1338 2054 1606 2103 regnaturos
1623 2039 1666 2086 se
1679 2042 1804 2100 juxta
1819 2039 1955 2102 leges,
1973 2053 2032 2086 ex

362 2105 389 2132 *
428 2099 674 2148 Plutarcho
691 2101 736 2145 in
752 2098 916 2163 Pyrrhi
946 2102 1040 2148 vita
1064 2100 1289 2148 discimus.
1326 2100 1452 2162 Qud
1466 2101 1497 2148 fi
1515 2101 1709 2150 addatur
1723 2139 1734 2159 ‚
1753 2102 1779 2148 si
1795 2117 1875 2150 rex
1892 2100 2031 2148 fidem

364 2163 492 2212 fallat
510 2202 522 2220 ,
553 2167 578 2193 *
611 2178 662 2210 ut
678 2176 776 2210 turn
805 2176 853 2209 re
915 2178 946 2211 o
961 2165 1093 2211 cadat
1108 2164 1130 2208 ἶ
1147 2180 1202 2211 ne
1211 2165 1278 2212 sic
1293 2164 1478 2227 quidem
1496 2165 1734 2228 imperium
1760 2164 1928 2211 desinet
1944 2165 2032 2210 elle

366 2227 589 2274 summum
612 2264 623 2282 ,
643 2225 718 2272 sed
746 2227 831 2272 erit
855 2178 1058 2274 {libentii
1087 2226 1253 2275 modus
1268 2229 1529 2275 imminutus
1546 2243 1625 2291 per
1640 2227 1951 2274 conditionem
1981 2227 2032 2274 &

364 2291 605 2354 imperium
639 2291 923 2351 temporario
952 2305 1045 2336 non
1071 2289 1284 2338 absimile.
1319 2291 1393 2339 De
1408 2288 1671 2338 Sabaeorum
1687 2307 1744 2354 re⁸
1768 2307 1792 2336 e
1821 2287 2033 2337 narrabat

365 2353 728 2418 Agatharchides
742 2349 868 2399 fuisse
885 2351 1150 2394 ἀνυπόῖίθννσν
1165 2353 1394 2400 liberrima
1408 2353 1627 2416 potestate
1642 2369 1725 2420 prae
1761 2355 1891 2410 itum,
1912 2350 2030 2399 sedfi

365 2419 490 2482 regia
509 2417 654 2464 exiret
679 2413 859 2462 votuisse
875 2414 1065 2479 lapidari
1084 2433 1096 2464 :
1123 2416 1247 2479 quod
1267 2418 1314 2462 δε
1333 2415 1635 2463 Artemidoro
1665 2416 1843 2464 :melote
1860 2415 2030 2463 Strabo

364 2481 621 2526 annotavit.
693 2481 732 2524 ic
748 2477 914 2524 fundus
928 2479 1003 2539 qui
1020 2477 1363 2526 fideicommiffo
1381 2493 1573 2536 tenetur,
1591 2478 1653 2526 est
1666 2479 1850 2542 quidem
1865 2476 2033 2525 fundus

365 2559 459 2591 non
472 2544 618 2589 minus
636 2557 772 2605 quam
791 2541 818 2587 fi
836 2540 972 2604 pleno
989 2539 1198 2587 dominio
1210 2542 1515 2604 possideretur
1533 2580 1544 2598 ‚
1564 2542 1641 2589 sed
1655 2542 1844 2589 habetur
1859 2541 2029 2588 amifft·

361 2604 525 2652 bilircr.
559 2606 688 2653 Talis
702 2620 852 2650 autem
873 2603 946 2649 lex
963 2603 1270 2652 commifforia
1299 2621 1390 2652 non
1407 2619 1582 2652 tantum
1596 2606 1640 2652 in
1658 2607 1780 2654 renni
1795 2604 2030 2652 delatione

365 2668 500 2726 adjici
521 2669 668 2730 potest
689 2706 699 2723 ‚
715 2666 787 2712 scd
806 2668 853 2712 8<
871 2669 914 2713 in
929 2666 1023 2713 aliis
1039 2666 1361 2715 conrmffibus.
1393 2667 1523 2714 Nam
1552 2669 1602 2714 &
1629 2645 1802 2717 foecfera
1819 2666 2027 2730 quaedam

366 2747 469 2776 cum
489 2734 643 2779 vicinis
664 2729 872 2776 videmus
887 2744 992 2774 cum
1027 2730 1053 2756 *
1089 2729 1166 2776 tali
1182 2729 1407 2777 sanctione
1430 2731 1550 2779 inita.

431 2794 470 2840 V
489 2793 508 2838 I
526 2795 546 2839 1
565 2795 599 2841 I.
638 2798 819 2856 Qarto
835 2792 1103 2845 notandum,
1122 2809 1376 2855 quanquam
1396 2792 1618 2842 summum
1632 2796 1870 2859 imperium
1888 2808 2030 2841 unum

366 2856 585 2919 quiddam
607 2857 656 2903 fit
676 2873 726 2902 ac
743 2871 824 2918 per
843 2854 884 2899 se
901 2854 1068 2901 indivis
1063 2857 1366 2905 um,constans
1382 2872 1438 2904 ex
1454 2856 1539 2903 illis
1554 2857 1752 2920 partibus
1768 2873 1879 2921 quas
1899 2856 2029 2919 supra

365 2922 741 2975 enumeravimus,
760 2916 915 2964 addita
933 2916 1185 2965 summitate
1206 2958 1215 2975 ‚
1234 2919 1282 2965 id
1300 2918 1361 2965 est
1373 2913 1677 2977 *rtael'oe’vvrrobflwhq
1693 2954 1704 2972 ,
1721 2922 1744 2948 *
1762 2922 1857 2968 fieri
1874 2934 2028 2967 tamen

365 2982 594 3028 interdum
609 2996 657 3028 ut
677 2981 923 3028 dividatur,
944 2979 1033 3026 five
1051 2997 1130 3043 per
1147 2996 1294 3044 partes
1311 2997 1420 3043 quas
1432 2999 1614 3037 vocant,
1632 2984 1918 3048 potentiales,
1937 2982 2028 3028 five

362 3060 443 3104 per
460 3061 608 3107 partes
629 3044 903 3103 subjeetivas.
937 3040 1011 3088 Sic
1022 3060 1126 3089 cum
1138 3061 1277 3092 unum
1293 3043 1399 3090 effer
1416 3045 1671 3094 Romanum
1683 3049 1939 3110 imperium,
1959 3043 2027 3091 fa-

366 3105 489 3153 stum
507 3122 658 3154 tamen
691 3109 802 3170 saepe
819 3104 880 3150 est
899 3143 910 3160 ,
930 3120 980 3152 ut
995 3107 1103 3153 alius
1121 3109 1346 3154 orientem
1364 3146 1375 3164 ,
1394 3107 1506 3154 alius
1526 3109 1812 3157 occidentem
1827 3120 2022 3163 teneret,

367 3185 443 3215 aut
460 3186 505 3216 ut
524 3187 614 3216 tres
633 3172 773 3216 etiam
791 3169 1025 3228 tripartito
1060 3169 1222 3216 orbem
1248 3185 1470 3234 regerent.
1505 3170 1578 3218 Sic
1595 3175 1733 3219 etiam
1751 3173 1843 3218 fieri
1858 3169 2024 3234 potest,

367 3247 413 3276 ut
428 3233 620 3295 populus
635 3249 789 3293 regem
803 3231 973 3292 eligens
987 3231 1206 3292 quosdam
1226 3231 1346 3278 aelus
1359 3231 1436 3278 sibi
1456 3231 1612 3288 servet,
1630 3236 1744 3282 alios
1761 3250 1914 3282 autem
1929 3244 2022 3296 regi

364 3293 540 3340 deterat
559 3295 694 3356 pleno
706 3298 818 3354 jure.
850 3293 1018 3355 Neque
1037 3309 1186 3341 tamen
1201 3294 1245 3340 id
1265 3296 1329 3349 fit,
1349 3308 1395 3342 ut
1408 3297 1500 3354 jam
1519 3297 1793 3344 ostendimus
1815 3295 2020 3358 ,quotief-

365 3370 553 3417 cumque
571 3374 648 3404 tex
664 3355 894 3421 prontissis
908 3356 1177 3418 quibusdam
1195 3357 1423 3421 obligatur
1431 3379 1447 3416 3
1467 3358 1543 3406 sed
1557 3375 1660 3408 tunc
1677 3360 1723 3408 id
1739 3361 1831 3407 fieri
1858 3357 2025 3466 turdelli-

1825 3435 1910 3482 gen
1947 3434 2024 3468 um
