2475 3854
771 247 1740 294 acraelffitxmxr,
1988 259 2068 304 237

394 315 441 363 in
457 329 550 379 quo
562 314 628 363 ita
642 312 893 363 servabitur
908 312 1137 375 aequalitas
1156 351 1170 371 ,
1189 313 1220 361 fi
1236 327 1366 362 tanto
1380 315 1479 379 plus
1492 315 1608 363 lucri
1622 315 1744 367 ferat
1759 356 1773 377 ‚
1803 333 1943 382 quam
1955 321 2069 370 alio-

395 380 472 440 qui
485 378 658 425 laturas
672 375 823 424 fuerat
835 377 914 440 qui
929 377 976 422 in
990 374 1035 422 st
1051 374 1271 424 damnum
1283 379 1470 440 recepit.
1483 377 1548 426 Vt
1562 394 1715 428 autem
1732 382 1830 437 quis
1842 382 2060 432 damnum
2081 412 2165 446 „Ana
2183 412 2199 447 Ι

395 441 557 490 sentiat
570 440 660 488 fine
674 439 804 487 lucro
820 477 832 496 ,
862 438 973 487 ideo
988 437 1323 488 admittendum
1335 455 1428 486 non
1443 440 1506 487 est
1522 478 1536 498 ,
1571 444 1674 505 quia
1689 438 1760 492 ita‘
1769 446 1982 493 naturalis
1998 446 2060 494 est
2079 424 2298 494 «at-7255&-

395 503 603 553 societati
635 502 886 550 utilitatum
902 502 1170 548 communio
1190 540 1203 559 ‚
1231 515 1281 549 ut
1299 501 1390 550 fine
1404 518 1458 552 ea
1489 518 1683 567 nequeat
1714 506 1902 555 societas
1918 509 2062 557 confi,
2081 503 2162 558 rasi
2179 531 2192 548 ‚
2206 512 2240 543 τ,
2254 517 2294 550 7.

394 566 526 615 stete·
560 565 709 628 Qod
723 577 879 612 autem
906 563 1078 614 dictum
1095 563 1158 611 est
1171 568 1201 612 a
1217 563 1538 613 Iurisconsulto
1569 566 1597 614 †
1622 583 1716 616 non
1729 569 1946 633 expressis
1961 588 2066 634 par-
2079 551 2274 633 ᾗζζξπΐόθ

395 627 519 676 tibus
532 626 720 691 aequales
734 626 926 691 intelligi
940 661 952 697 t
983 628 1051 674 ita
1066 625 1254 674 demum
1282 641 1370 689 pro
1384 642 1497 676 vero
1513 629 1775 679 habendum
1791 631 1854 679 est
1874 670 1886 689 ,
1920 633 1951 681 fi
1968 651 2063 698 quae
2082 655 2117 690 q.
2136 653 2170 681 2.
2181 609 2298 682 Νὲιξι.

394 688 693 738 conferuntur
704 688 785 736 fint
800 688 1000 754 aequalia.
1032 687 1083 735 In
1094 688 1312 736 societate
1329 702 1484 737 autem
1499 693 1816 748 universorum
1831 694 2061 744 bonorum
2085 699 2140 734 17·
2155 704 2189 726 '¹-
2210 699 2299 737 ²55·

395 768 488 800 non
515 751 559 799 id
580 751 709 815 quod
733 751 840 799 hinc
857 766 936 800 aut
951 752 1072 798 illinc
1090 750 1279 801 obvenit
1296 789 1311 809 ,
1337 751 1418 799 sed
1443 753 1570 817 quod
1583 748 1885 819 probabiliter
1898 757 2063 821 sperari
2080 739 2283 830 ξᾜῗξίἷξ,

393 828 581 880 poterat
591 814 956 878 comparandum
973 812 1051 860 est.
2077 811 2191 866 Livius
2201 808 2297 867 ⁶11·er

461 877 512 926 X
523 876 573 924 X
586 877 646 927 V.
680 877 732 925 In
761 875 983 925 societate
999 875 1147 923 navali
1166 874 1382 924 adversus
1443 879 1579 927 iratas
1606 881 1773 930 utilitas
1803 886 2059 934 communis
2077 887 2220 934 ³¹³5*-

395 939 459 988 est
470 939 563 1004 ipsa
576 937 780 988 defensio
799 956 813 989 z
836 938 1067 988 interdum
1084 940 1133 984 δε
1149 938 1313 1001 praeda.
1347 937 1413 987 So
1433 956 1507 988 ent
1523 957 1674 990 autem
1687 945 1888 994 aestimari
1904 963 2055 1005 naves,
2077 925 2216 1006 &lt-{³⁶¹
2226 932 2269 1007 ¹⁶¹

394 1004 446 1050 &
462 1019 556 1067 quae
573 1005 618 1051 in
626 1005 733 1051 navi
743 1002 857 1060 sunt,
881 1016 1017 1066 atque
1033 1016 1092 1047 ex
1106 1001 1180 1048 his
1195 999 1370 1050 summa
1385 1005 1548 1051 confici
1567 1044 1579 1061 ‚
1592 1019 1645 1051 ut
1660 1006 1823 1055 damna
1840 1026 1936 1072 quae
1952 1026 2055 1057 eve-
2078 1017 2097 1050 †
2112 995 2298 1055 assini„

394 1067 540 1123 niunt,
557 1067 604 1113 in
620 1065 782 1128 quibus
796 1064 894 1112 sunt
904 1066 952 1111 &
970 1064 1313 1111 vulneratorum
1329 1066 1575 1130 impendia,
1594 1066 1800 1117 ferantur
1815 1074 1843 1119 a
1859 1072 2059 1120 dominis
2080 1066 2130 1100 D·
2143 1065 2296 1113 P'⁰f⁰⁶³⁰·

394 1129 577 1176 navium
595 1129 644 1175 δε
657 1129 879 1176 mercium
901 1129 928 1158 *
954 1142 1042 1190 pro
1058 1141 1188 1189 parte
1234 1143 1341 1174 uam
1359 1128 1528 1175 habent
1544 1132 1590 1177 in
1604 1145 1657 1178 ea
1670 1130 1856 1180 summa«³
1889 1134 1950 1182 Et
1964 1135 2057 1184 haec

393 1191 584 1255 quidem
601 1207 696 1254 quae
713 1191 911 1239 diximus
925 1189 1139 1237 hastenus
1154 1190 1201 1251 ip
1220 1206 1233 1235 ι
1248 1191 1337 1250 juri
1351 1204 1518 1238 naturae
1536 1194 1634 1240 fimt
1650 1194 1964 1244 consentanea.

457 1253 510 1302 X
521 1253 621 1302 XV
636 1255 668 1302 Ι.
704 1252 812 1302 Nec
839 1254 885 1301 iu
913 1252 984 1299 his
1008 1253 1109 1314 jure
1125 1254 1329 1317 gentium
1352 1254 1615 1302 voluntario
1644 1259 1883 1320 quicquam
1912 1273 2061 1307 muta-

394 1329 495 1365 tum
511 1331 698 1380 apparet
718 1333 837 1366 :uno
853 1330 1053 1378 excepto
1070 1354 1083 1372 ‚
1100 1314 1228 1379 quod
1243 1316 1516 1378 inaequalitas
1532 1333 1685 1365 rerum
1704 1358 1716 1377 ‚
1734 1321 1778 1366 in
1797 1337 2062 1383 quamcon-

393 1379 570 1429 sensum
587 1379 650 1428 est
663 1418 676 1439 ,
693 1381 772 1429 ubi
783 1395 863 1427 nec
876 1377 1165 1426 mendacium
1178 1377 1424 1426 intercessit
1442 1418 1453 1436 ‚
1471 1396 1553 1427 nec
1569 1384 1666 1443 ejus
1676 1382 1803 1444 quod
1818 1382 1986 1431 distum
2006 1401 2063 1432 o-

392 1444 568 1509 portuit
590 1445 826 1492 reticentia
841 1483 854 1501 ‚
880 1443 927 1489 in
942 1440 1190 1489 astionibus
1222 1441 1526 1490 exterioribus
1544 1460 1630 1507 pro
1647 1445 1894 1507 aequalitate
1921 1447 2065 1494 habe-

395 1519 498 1555 tur:
536 1507 600 1553 ita
626 1521 680 1555 ut
705 1505 952 1570 quomodo
977 1505 1078 1564 jure
1107 1504 1229 1552 civili
1256 1518 1360 1551 ante
1389 1506 1758 1554 constitutionem
1775 1508 2061 1556 Diocletiani

395 1568 516 1617 affio
531 1570 577 1616 in
595 1569 705 1618 foro
722 1569 843 1618 nulla
868 1566 1066 1615 dabatur
1081 1564 1293 1614 adversus
1319 1568 1458 1616 talem
1486 1570 1830 1631 ina-qualitatem
1848 1606 1859 1622 ,
1897 1573 1962 1619 ita
1978 1588 2063 1619 nec

394 1633 516 1680 inter
531 1643 614 1682 eos
625 1635 704 1696 qui
727 1634 828 1694 jure
856 1631 1060 1695 gentium
1086 1628 1185 1676 solo
1210 1627 1434 1678 sociantur
1451 1631 1628 1686 exaffio
1652 1646 1729 1679 aut
1742 1634 1921 1681 coadiio
1938 1633 1990 1681 fit
2004 1650 2062 1680 eo

396 1696 598 1743 nomine.
634 1696 745 1744 Hoc
761 1696 882 1743 enim
900 1693 962 1740 est
978 1691 1109 1754 quod
1125 1693 1187 1738 ait
1204 1691 1486 1757 Pomponius
1512 1730 1525 1746 ‚
1545 1695 1591 1741 in
1612 1697 1764 1758 pretio
1790 1696 2063 1743 venditionis
2082 1709 2120 1743 L.
2139 1707 2175 1743 ίη
2203 1708 2296 1752 caup,

396 1759 449 1805 &
463 1760 678 1807 emtionis
692 1757 956 1807 naturaliter
970 1755 1107 1804 licere
1132 1753 1176 1801 se
1191 1770 1355 1814 mutuo
1368 1758 1699 1805 circumvenire
1718 1774 1730 1806 :
1757 1758 1834 1805 ubi
1850 1759 1987 1806 licere
2001 1759 2064 1806 est
2081 1756 2261 1809 ‘witime-

397 1837 493 1870 non
506 1821 694 1884 quidem
706 1820 774 1869 fas
791 1819 877 1868 effe
895 1858 907 1877 ‚
939 1818 1096 1866 sedita
1110 1819 1314 1879 permitti
1328 1833 1379 1864 ut
1394 1819 1566 1866 nullum
1584 1834 1742 1868 contra
1758 1821 1992 1884 proditum
2009 1821 2061 1868 fit
2079 1804 2295 1882 ξραἱᾜζζ

396 1884 652 1934 remedium
666 1885 712 1932 in
729 1899 833 1930 eum
849 1883 926 1945 qui
944 1880 987 1929 se
1002 1881 1136 1945 pafto
1152 1881 1264 1928 velit
1281 1880 1545 1929 defendere.
1569 1885 1594 1914 ’³‘
1611 1882 1897 1931 Naturaliter
1913 1898 2061 1930 autem
2077 1895 2104 1941 fi
2115 1873 2223 1941 p'rem
2243 1896 2295 1933 D.

397 1962 459 1995 eo
472 1948 516 1994 in
527 1946 652 2005 loco,
665 1962 717 1994 ut
731 1948 782 1994 &
797 1945 903 1994 alibi
915 1944 1159 1994 interdum,
1196 1943 1362 1991 ofitum
1379 1942 1453 1996 est,
1489 1960 1543 1991 ro
1556 1960 1615 1993 eo
1634 1945 1761 2009 quod
1779 1948 1948 2011 recepti
1967 1946 2063 2010 pas·
2080 1943 2186 1994 ²⁰⁶⁶&-
2220 1985 2241 2019 h

398 2009 480 2059 fim
497 2011 640 2058 moris
654 2010 733 2068 est,
750 2007 995 2073 quomodo
1013 2005 1134 2072 apud
1193 2005 1420 2070 postolum
1476 2009 1627 2056 aulum
1643 2011 1734 2073 ipsa
1749 2024 1907 2057 natura
1920 2009 2062 2055 doce-
2083 1991 2220 2079 ζξὲζῗῖ
2242 2008 2256 2022 ²

398 2089 450 2121 re
466 2072 633 2121 dicitur
649 2074 752 2121 viro
769 2087 902 2134 turpe
917 2069 1004 2118 effe
1019 2085 1201 2117 comam
1222 2069 1344 2116 alere
1365 2107 1377 2126 ,
1397 2085 1503 2117 cum
1521 2084 1673 2117 tamen
1691 2071 1739 2117 id
1770 2088 1914 2134 neque
1927 2087 2061 2134 repu-

398 2151 510 2201 gnet
527 2149 706 2194 naturae,
726 2136 776 2182 &
791 2135 964 2182 multos
977 2148 1003 2180 a
1036 2131 1098 2179 ud
1114 2132 1309 2195 populos
1324 2131 1529 2178 usitatum
1547 2131 1700 2179 fit.Sic
1716 2133 1950 2181 idolorum
1964 2134 2060 2180 cul-

401 2208 528 2247 tores
547 2237 559 2256 ‚
593 2214 687 2245 non
701 2212 857 2246 autem
885 2211 980 2260 quo
1002 2198 1069 2243 vis
1083 2195 1294 2241 homines
1307 2193 1401 2248 φύστὶ
1416 2192 1577 2247 κᾳᾶιες
1595 2233 1606 2250 ,
1639 2197 1688 2242 id
1702 2196 1762 2242 est
1778 2214 1925 2243 natura
1937 2215 2058 2242 vanos

401 2261 596 2324 appellat
617 2260 808 2325 scriptor
818 2257 921 2308 libri
939 2257 1191 2320 Sapientiae,
1208 2257 1257 2302 &
1273 2255 1391 2297 π’κνοι
1403 2259 1496 2310 φύστί
1508 2259 1609 2314 beffa
1625 2256 1784 2304 Paulus
1800 2257 2056 2320 Apostolus,
2078 2277 2173 2304 xm
2192 2292 2204 2309 ,
2225 2278 2256 2307 i.

401 2338 496 2371 non
513 2339 609 2371 tam
625 2339 682 2371 ex
709 2322 782 2370 sua
795 2360 808 2380 ,
838 2337 976 2385 quam
993 2337 1052 2368 ex
1076 2319 1396 2367 Romanorum
1414 2357 1427 2376 ‚
1460 2319 1581 2381 apud
1596 2335 1712 2383 quos
1728 2334 1827 2367 tum
1842 2317 2054 2376 vivebat,
2077 2317 2157 2363 Eph.
2173 2324 2227 2350 ¹¹·
2251 2325 2287 2363 3·

401 2385 592 2450 persona
601 2386 807 2449 loquens.
826 2385 1005 2431 Euenus
1023 2384 1165 2445 po‘e'ta
1180 2395 1339 2427 vetus:

622 2449 725 2504 φημὶ
739 2445 974 2508 πλυχςᾶνιον
985 2444 1138 2501 μελέτην
1150 2438 1293 2496 msam,
1306 2442 1411 2496 φίλε,
1428 2442 1493 2496 W
1508 2439 1552 2491 Ν

623 2506 758 2555 τοξότην
770 2508 851 2564 1219}
858 2510 983 2552 ὠπεσι
997 2501 1218 2550 vemfflzo'uv
1233 2502 1337 2559 φύσιν
1350 2498 1458 2557 ⁶50⁶!-

622 2577 742 2636 Qod
759 2575 949 2619 meditare
964 2573 1036 2615 diu
1050 2571 1227 2615 durabile
1233 2569 1321 2624 fiet,
1339 2574 1473 2622 amice,

627 2644 761 2698 Atque
776 2634 821 2680 id
830 2649 1016 2680 naturam
1033 2634 1137 2678 credo
1150 2631 1375 2675 mortalibm
1390 2632 1464 2687 effie.

405 2694 624 2752 Eiusdem
651 2695 796 2744 sensus
826 2693 998 2742 distum
1023 2705 1152 2740 vetus
1168 2690 1290 2753 apud
1312 2689 1534 2737 Galerium
1545 2687 1713 2736 exstat:
1741 2687 1914 2735 ἓπὶκτηῇι
1929 2688 2061 2742 φάο-εις
2081 2701 2120 2737 L.
2137 2709 2216 2739 ur.

404 2758 526 2813 vvi‘e'9n
553 2763 775 2819 consta-tudo
789 2761 988 2818 adscititia
1005 2759 1225 2814 striatam.
1257 2750 1390 2814 Apud
1403 2750 1732 2812 Thucydidem
1755 2752 1882 2797 simili
1906 2752 2063 2796 notio-

405 2838 463 2870 ne
479 2821 641 2867 dicitur
657 2822 730 2863 πῖἶν
745 2820 857 2875 νόμων
870 2817 1083 2875 >efficacem
1098 2815 1115 2860 ai
1128 2812 1332 2869 ἂνθρωπέτοι
1346 2812 1454 2868 φύσις
1467 2844 1480 2862 ‚
1510 2816 1682 2858 humana
1694 2830 1837 2859 natura
1860 2818 1980 2873 legum
1997 2818 2065 2856 vi-

406 2891 525 2931 c‘irix.
557 2881 633 2929 Sic
647 2875 906 2936 πτφυστωρὸροι
922 2881 1075 2926 dicunt
1091 2877 1234 2925 Graeci
1248 2889 1345 2921 tum
1364 2876 1568 2931 virtutes,
1589 2888 1687 2920 tum
1705 2877 1812 2921 vitia
1831 2875 2065 2938 postquam

409 2946 523 2993 altas
540 2945 711 2992 radices
728 2957 936 3006 egerunt.
980 2940 1117 3002 Apud
1149 2936 1415 2986 Diodorum
1435 2951 1548 2983 vero
1566 2934 1767 2983 Siculum
1787 2939 2003 3000 legimus:
2035 2935 2068 2975 ’θ’

408 3007 552 3063 φύσεως
566 3003 648 3048 t‘zm'
661 3006 693 3047 ’θ
706 3006 877 3056 ἀνάγκης
892 3000 1084 3057 ἑθεηᾶόης
1099 3034 1111 3053 ,
1139 3019 1223 3047 cum
1241 3001 1427 3059 neceffitas
1440 3017 1630 3046 naturam
1647 3033 1656 3047 ,
1675 3003 1720 3045 id
1737 3003 1785 3057 qli
1799 3004 1911 3046 robur
1928 3003 2063 3052 animi,

408 3077 595 3117 vinceret.
630 3066 705 3114 Sic
725 3068 1007 3137 Pomponius
1036 3061 1374 3112 Iurisconsultus
1400 3077 1504 3108 curn
1521 3060 1694 3107 dixisset
1720 3065 1788 3121 jus
1800 3060 2061 3106 Romanum
2088 3079 2127 3112 L.
2147 3077 2200 3122 52„
2223 3089 2276 3111 m,

409 3148 502 3179 non
518 3133 610 3194 pati
630 3130 824 3176 eundem
844 3145 885 3174 m
896 3128 1080 3191 paganis
1097 3127 1145 3171 δε
1157 3123 1318 3170 testato
1336 3123 1607 3170 &intestato
1624 3123 1847 3170 decedere
1863 3161 1873 3178 ‚
1893 3119 2068 3168 addidit
2079 3126 2196 3171 strum,
2212 3122 2302 3161 D.de

409 3209 568 3240 earum
585 3207 734 3239 rerum
752 3189 1014 3237 naturaliter
1030 3191 1145 3234 inter
1159 3186 1202 3233 se
1218 3201 1415 3248 pugnam
1432 3184 1518 3232 effe
1532 3223 1544 3240 ‚
1563 3201 1665 3231 cum
1682 3200 1831 3233 tamen
1848 3201 1899 3232 ea
1918 3183 2072 3240 regula
2088 3174 2129 3205 ⁸·
2146 3175 2178 3208 ¹·

413 3267 444 3303 e
467 3256 572 3304 solis
603 3254 923 3301 Romanorum
939 3251 1144 3298 moribus
1176 3236 1372 3310 pendeat
1389 3283 1401 3301 ,
1431 3262 1576 3309 neque
1591 3248 1711 3311 apud
1735 3248 1848 3296 alios
1876 3234 2069 3354 ptlwpiilos

1932 3320 2067 3355 ocum
