2475 3854
785 300 1749 346 AcPAC18,1.113.11.
1999 307 2072 348 337

410 378 704 431 peccatorum
723 405 734 423 ,
768 367 1070 430 quantitatem
1100 367 1464 429 concupiscentiae
1486 368 1536 413 δε
1552 369 1703 427 operis
1733 365 1998 413 facilitatem
2013 365 2071 413 ad

412 431 488 477 sua
500 430 601 475 loca
612 429 845 476 retulimus
860 466 873 475 .
906 444 987 475 ncc
1005 431 1150 475 minus
1167 429 1242 476 illa
1257 428 1427 492 septem
1445 445 1538 490 quae
1554 428 1737 475 confuse
1755 429 1855 476 satis
1870 431 1914 475 in
1932 431 2072 490 poenis

412 490 666 538 considerat
683 490 961 538 Saturninus.
995 490 1123 538 Nam
1150 490 1338 554 persona
1354 494 1449 551 ejus
1468 493 1544 554 qui
1561 490 1670 537 fecit
1700 491 1758 538 ad
1776 491 2071 554 aptitudinem
2095 486 2285 568 532&th

411 554 535 600 illam
550 553 777 610 judicandi
808 555 1006 600 maxime
1022 554 1240 617 pertinet,
1270 557 1320 600 &
1338 553 1525 616 persona
1556 555 1649 614 ejus
1665 556 1738 616 qui
1756 555 1922 615 patitur
1937 556 2074 600 inter·
2094 538 2236 627 pgr'nf'

413 616 526 661 dum
553 615 720 676 aliquid
738 614 917 662 confert
948 616 1004 662 ad
1022 614 1320 663 aestimandam
1339 616 1481 677 culpae
1511 617 1885 678 magnitudinem.
1918 616 1943 643 *
1976 616 2075 663 Lo-

413 693 493 722 cus
509 677 721 737 injustitiae
736 678 912 739 culpam
926 678 1120 740 aliquam
1137 677 1308 724 addere
1335 678 1448 725 solct
1470 679 1739 739 peculiarem
1767 691 1844 724 aut
1861 680 1999 725 etiam
2014 678 2073 725 ad

413 737 683 785 facilitatem
702 742 852 802 operis
869 742 1110 801 pertinere.
1139 738 1347 805 Tempus
1376 753 1425 786 ut
1453 742 1713 787 diuturnum
1747 740 1808 787 est
1823 756 1900 787 aut
1917 740 2070 790 breve,

413 802 477 847 ita
496 800 752 847 libertatern
767 800 993 862 judicandi
1009 814 1141 864 auget
1159 839 1171 857 ,
1190 817 1264 849 aut
1279 803 1439 849 minuit
1455 841 1467 860 ,
1488 802 1713 850 interdum
1737 804 1785 849 δε
1798 805 2073 866 pravitatem

412 864 550 909 animi
577 863 784 909 ostendit.
819 864 1026 926 Qalitas
1065 865 1229 927 partim
1261 863 1320 910 ad
1355 879 1517 928 genera
1550 879 1575 909 a
1608 866 1831 926 petituum
1859 864 2071 915 refertur,

412 927 579 988 partim
597 925 653 971 ad
670 925 817 972 causas
848 942 942 987 quae
974 924 1224 973 abstrahere
1254 929 1280 973 ὲ
1305 926 1535 988 peccando
1591 926 1800 974 ebebant.
1833 929 2072 992 Qantitas

412 1002 594 1095 lquoque
624 986 683 1033 ad
726 988 977 1050 appetitum
1004 986 1242 1036 referenda
1276 987 1354 1036 est.
1412 989 1611 1037 Eventus
1636 989 1697 1037 ad
1727 988 1878 1037 causas
1905 987 2074 1037 abstra-

446 1063 587 1094 entes.

478 1110 527 1157 X
544 1110 591 1156 X
602 1110 650 1156 X
666 1109 742 1157 VI
763 1109 784 1156 Ι
798 1111 836 1158 1.
873 1109 1029 1158 Solere
1046 1128 1182 1174 poenae
1197 1114 1457 1173 expetendae
1474 1112 1601 1162 causa
1617 1112 1735 1159 bella
1752 1113 1903 1176 suscipi
1936 1114 1985 1160 δε
2000 1111 2069 1160 su-

413 1189 494 1238 pra
511 1172 785 1219 ostendimus
803 1175 851 1219 &⁹
865 1176 1021 1236 pal'lim
1040 1176 1208 1221 docent
1230 1174 1444 1223 historiae:
1479 1193 1530 1223 ac
1546 1175 1809 1239 plerumque
1825 1176 1915 1222 haec
1942 1175 2069 1223 causa

412 1251 516 1283 cum
536 1235 674 1281 altera
687 1235 744 1280 de
761 1233 935 1283 damno
952 1236 1199 1300 reparando
1211 1239 1444 1297 conjuncta
1455 1238 1531 1295 est,
1551 1238 1734 1300 quando
1750 1238 1873 1284 idem
1887 1236 2006 1285 adius
2018 1238 2069 1283 δε

414 1295 604 1347 vitiosus
622 1297 710 1343 fuit
727 1298 775 1342 &
793 1298 1008 1346 damnum
1024 1298 1332 1362 reiplaintulit‚
1350 1317 1409 1347 ex
1420 1299 1580 1363 quibus
1591 1299 1762 1347 duabus
1780 1299 2068 1361 qualitatibus

412 1362 510 1407 duze
520 1358 699 1405 diversae·
715 1358 952 1408 nascuntur
968 1361 1281 1425 obligationes.
1306 1362 1419 1409 Non
1434 1360 1517 1409 effe
1532 1375 1686 1409 autem
1703 1358 1820 1409 bella
1836 1360 2069 1420 suscipien-

412 1423 473 1470 da
490 1421 552 1467 ob
573 1421 735 1468 delffla
756 1425 921 1483 quaevis
939 1424 1042 1471 satis
1060 1424 1245 1472 constat.
1277 1441 1378 1472 nam
1394 1441 1451 1471 ne
1462 1425 1582 1489 leges
1605 1423 1791 1486 quidem
1807 1424 1928 1470 suam
1945 1423 2068 1469 illam

415 1485 638 1531 ultionem
658 1521 669 1539 ,
691 1501 786 1545 quae
803 1498 906 1532 tuto
921 1502 1001 1532 nec
1015 1487 1091 1533 nisi
1106 1488 1367 1534 nocentibus
1398 1502 1532 1533 nocet
1546 1523 1559 1543 ,
1576 1487 1788 1534 omnibus
1821 1483 1962 1546 culpis
1980 1485 2067 1530 im·

417 1546 628 1610 pendunt.
671 1546 812 1592 Recte
830 1585 841 1601 ,
878 1561 927 1594 ut
956 1549 1102 1595 modo
1132 1550 1331 1597 diximus
1350 1587 1361 1605 ‚
1382 1549 1576 1612 Sopater
1589 1563 1805 1611 oportere
1823 1548 1884 1594 ait
1901 1562 1953 1593 ea
1970 1562 2066 1609 quae

415 1611 595 1657 minora
610 1610 657 1653 &
668 1609 867 1654 vulcaria
876 1608 974 1657 sunt
989 1610 1150 1658 delicta
1164 1611 1442 1667 diffiniulari,
1460 1627 1550 1657 non
1565 1611 1797 1658 vindicari.

476 1669 711 1716 XXXIX.
744 1646 866 1717 illud
882 1686 1032 1718 autem
1048 1673 1171 1735 quod
1190 1676 1232 1720 in
1244 1675 1450 1722 oratione
1475 1688 1560 1734 pro
1578 1669 1908 1719 Rhodiensibus
1934 1673 1960 1717 a
1973 1668 2067 1717 Ca·
2089 1662 2196 1701 ⁶²²³·
2211 1673 2295 1708 ‘'¹¹-

413 1745 527 1779 tone
544 1732 714 1778 didrum
747 1731 834 1778 fuit
850 1770 860 1783 ‚
880 1750 972 1779 non
989 1735 1074 1781 effe
1083 1752 1256 1798 aequum
1285 1752 1436 1797 poenas
1452 1750 1724 1796 quemquam
1741 1734 1851 1779 dare
1881 1731 1943 1778 ob
1964 1749 2067 1779 eam
2088 1724 2119 1749 ⁶‘
2133 1718 2168 1755 3·

411 1811 511 1840 rem
530 1794 658 1857 quod
676 1808 888 1859 arguatur
905 1797 1023 1842 male
1036 1796 1188 1845 facere
1202 1798 1400 1853 voluisse,
1420 1797 1498 1843 suo
1518 1797 1701 1859 quidem
1716 1796 1823 1843 loco
1841 1810 1931 1841 non
1948 1795 2068 1840 male

410 1871 509 1903 erat
526 1856 720 1920 politum
740 1895 750 1911 ‚
774 1859 876 1917 quia
891 1858 1059 1905 nullum
1077 1860 1232 1922 populi
1248 1859 1517 1906 Rhodienfis
1546 1859 1780 1906 decretum
1798 1856 1965 1904 adferri
1982 1873 2066 1919 po-

411 1933 531 1965 terat
554 1957 566 1974 ,
587 1917 661 1964 sed
676 1920 810 1964 animi
827 1919 1071 1968 fluctuantis
1087 1921 1378 1982 conjestutae:
1407 1920 1709 1969 universaliter
1724 1935 1874 1967 autem
1890 1922 1979 1965 hoc
1996 1934 2068 1963 re-

409 1979 666 2044 cipiendum
682 1996 770 2026 non
787 1981 862 2027 est.
897 1981 1024 2030 Nam
1045 1984 1254 2031 voluntas
1273 2001 1366 2045 quae
1396 1983 1452 2030 ad
1478 1997 1691 2031 externos
1720 1983 1840 2030 astus
1856 1979 2067 2045 proceffit

412 2046 429 2102 (
447 2045 647 2090 internos
663 2043 781 2088 enim
797 2043 852 2090 ab
864 2044 1120 2094 hominibus
1134 2063 1222 2093 non
1238 2049 1378 2106 puniri
1393 2045 1527 2108 supra
1539 2043 1733 2092 diximus
1750 2047 1766 2104 )
1798 2045 1938 2108 poenis
1954 2042 2067 2088 solet

412 2105 497 2153 effe
514 2105 730 2153 obnoxia.
764 2112 795 2153 ’Β
832 2107 1004 2154 Seneca
1020 2125 1147 2172 pater
1161 2110 1204 2155 in
1224 2108 1558 2156 Controversiis
1574 2123 1585 2155 t
1601 2112 1738 2155 scelera
1755 2126 1912 2170 quoque,
1928 2123 2067 2167 quam-

413 2174 473 2214 vis
487 2176 584 2214 citra
600 2175 744 2213 exitum
761 2171 1022 2228 fitbfi’derunt,
1036 2180 1274 2232 puniuntur.
1305 2176 1488 2231 Inj'uriam
1504 2177 1572 2233 qui
1585 2175 1766 2234 faHurus
1781 2172 1928 2227 estjam
1957 2172 2064 2225 facit,
2239 2220 2244 2228 '

413 2233 443 2263 ‘¹‘
478 2231 541 2276 ait
558 2230 669 2275 alter
684 2227 851 2278 Seneca
869 2249 880 2279 :
914 2248 1003 2279 non
1031 2236 1180 2280 exitus
1197 2249 1344 2279 rerum
1362 2232 1390 2278 s
1381 2233 1437 2278 ed
1467 2238 1496 2267 ’τ
1529 2231 1708 2278 consilia
1724 2230 1895 2293 legibus
1919 2227 2065 2274 vindi·
2088 2216 2209 2300 1⁰:⁹1er
2220 2219 2278 2256 Μ’·

413 2293 506 2338 cari
525 2290 694 2338 Cicero
713 2292 828 2339 dixit
855 2310 939 2355 pro
972 2295 1164 2342 Milone.
1197 2296 1425 2342 Periandri
1445 2294 1613 2341 dietum
1626 2308 1721 2339 erat
1739 2308 1750 2339 :
1785 2291 1838 2345 μὲ
1865 2288 1970 2344 μόνον
1998 2287 2064 2333 τὶς
2118 2350 2124 2355 ·
2155 2287 2171 2356 ,⁹

412 2351 808 2411 dpoegvdrov&;,&mae
822 2355 885 2407 ’tm‘
902 2356 968 2401 τὲς
982 2356 1169 2411 με’ἡλονᾶις
1183 2357 1337 2414 naza&
1372 2358 1447 2403 Sic
1477 2357 1676 2404 Romani
1708 2353 1880 2401 censent
1895 2350 2061 2396 bellum
2085 2350 2196 2406 [fmus
2207 2348 2266 2385 hb·

412 2415 657 2461 ineundum
671 2431 775 2461 cum
793 2417 921 2480 Rege
938 2418 1099 2466 Perseo
1116 2458 1128 2476 ,
1139 2421 1214 2467 nisi
1228 2417 1465 2468 satisfaciat
1481 2418 1539 2465 de
1551 2417 1737 2464 confinis
1752 2415 1855 2462 belli
1882 2409 2064 2475 parandi
2084 2403 2180 2432 ¹²¹¹·

413 2476 623 2525 adversus
642 2478 860 2538 populum
878 2480 1137 2528 Romanum
1153 2485 1289 2540 initis,
1307 2484 1410 2546 quia
1422 2482 1587 2528 scilicet
1603 2493 1741 2534 arma,
1760 2477 1937 2523 milites,
1956 2471 2064 2542 clas-

414 2539 507 2586 sem
522 2540 615 2599 jam
627 2554 992 2601 comparaverat.
1023 2543 1173 2605 Atque
1189 2547 1277 2592 hoc
1294 2545 1436 2607 ipsum
1451 2546 1495 2590 in
1520 2539 1839 2589 Rhodiensium
1855 2549 2063 2604 oratione

414 2601 535 2665 apud
551 2599 732 2648 Livium
751 2601 869 2648 recte
885 2619 1094 2653 notatur:
1129 2623 1273 2670 neque
1289 2606 1506 2661 moribus,
1519 2619 1661 2665 neque
1676 2601 1844 2665 legibus
1859 2597 2064 2665 ulllusssi-

415 2663 571 2723 vitatis
585 2664 648 2709 ita
663 2677 975 2726 comparatum
990 2666 1090 2724 effe,
1102 2683 1152 2714 ut
1165 2669 1195 2716 fi
1212 2672 1309 2731 quis
1326 2669 1462 2717 vellet
1475 2668 1703 2714 inimicum
1718 2663 1861 2726 perire
1879 2697 1890 2715 ‚
1905 2658 1934 2704 si
1953 2658 2063 2703 nilnl

416 2725 577 2773 fecerit
589 2737 682 2786 quo
701 2725 751 2771 id
770 2726 860 2776 fiat,
879 2730 1036 2791 capitis
1045 2727 1298 2778 damnetur.
1317 2731 1409 2777 Sed
1423 2746 1503 2776 nec
1520 2727 1666 2776 omnis
1682 2721 1883 2789 perversa
1899 2720 2060 2769 volun-

416 2801 485 2835 tas
501 2786 625 2833 faCto
642 2788 733 2845 jam
751 2790 901 2850 aliquo
918 2791 1110 2838 indicata
1152 2810 1258 2841 oenae
1274 2791 1383 2840 facit
1396 2793 1565 2838 locum.
1579 2788 1704 2836 Nam
1720 2786 1749 2833 fi
1761 2801 1814 2832 ne
1832 2793 2060 2846 perpetra-

416 2862 466 2897 ta
481 2848 662 2910 quidem
683 2864 864 2912 peccata
875 2855 1028 2899 omnia
1042 2809 1324 2902 vindicantur
1342 2893 1352 2911 ‚
1365 2854 1510 2901 multo
1523 2852 1665 2898 minus
1678 2848 1876 2910 cogitata
1904 2861 1953 2890 ac
1969 2860 2056 2889 coe-

416 2925 510 2975 pta.
525 2911 575 2956 In
593 2913 744 2959 multis
758 2913 910 2960 locum
923 2915 1059 2962 habet
1075 2955 1087 2972 ‚
1107 2917 1233 2979 quod
1252 2917 1421 2964 Cicero
1439 2915 1572 2962 dicit:
1605 2915 1712 2959 haud
1732 2914 1807 2969 scio
1835 2926 1888 2953 an
1907 2911 2004 2966 satis
2015 2907 2060 2963 fit
2083 2941 2112 2968 1.
2127 2929 2190 2977 off.

418 2992 506 3020 eum
520 2980 587 3035 qui
600 2977 772 3033 lacesserit
786 2980 925 3034 injuria
943 2982 1019 3037 sua
1028 2986 1216 3038 poenitere.
1254 2980 1353 3026 Lex
1380 2977 1582 3026 Hebraeis
1596 2974 1700 3020 data
1714 2968 1944 3017 adversum
1962 2962 2056 3034 ple.-

417 3051 554 3096 raque
569 3033 730 3082 delicta
761 3039 973 3085 inchoata
989 3055 1147 3089 contra
1163 3042 1378 3105 pietatem
1399 3079 1410 3096 ,
1434 3054 1510 3086 aut
1524 3037 1658 3083 etiam
1677 3046 1834 3080 contra
1865 3030 2059 3096 hominis

419 3100 557 3146 vitam
570 3110 697 3143 extra
709 3099 942 3158 judicium,
958 3101 1064 3148 nihil
1078 3103 1260 3168 speciale
1273 3102 1498 3149 constituit
1516 3115 1529 3146 :
1560 3098 1662 3160 quia
1678 3097 1724 3140 δέ
1740 3096 1856 3162 circa
1868 3106 1936 3161 res
1949 3089 2061 3134 divi·

417 3174 495 3205 nas
508 3172 665 3220 utpote
682 3160 811 3208 nobis
840 3163 1140 3224 inconspicuas
1156 3164 1297 3212 facilis
1311 3165 1372 3212 est
1389 3177 1518 3210 error
1529 3199 1540 3216 ,
1558 3161 1606 3205 δε
1620 3155 1851 3203 iracundiae
1871 3166 2061 3220 impetus

419 3236 508 3266 non
526 3220 730 3283 indignus
747 3224 808 3270 est
824 3224 1173 3288 cuiignoscatur.
1202 3225 1429 3274 Caeterum
1446 3226 1492 3271 in
1521 3235 1644 3267 tanta
1667 3219 2061 3265 matrimoniorum

418 3283 550 3345 copia
568 3283 728 3331 alienas
741 3288 916 3350 nuptias
933 3296 1260 3347 attentare‚'aut
1275 3292 1320 3337 in
1337 3281 1644 3393 tamraequabili
1663 3272 2065 3382 POffeffimmPQdie

1897 3352 1941 3385 Vl
1961 3354 1974 3382 1
2010 3353 2020 3381 l
