2475 3854
741 226 1704 278 ACPACIS,1.113.11.
1977 240 2049 289 283

397 297 657 360 imperantis
674 296 1028 360 officium,fiquis
1043 297 1101 344 ad
1118 298 1167 344 id
1184 301 1307 361 quod
1324 301 1471 349 facere
1488 305 1503 364 j
1510 302 1621 352 ussus
1639 306 1810 363 est,non
1827 305 2044 370 obsequio

395 360 574 412 dedito,
594 359 670 407 sed
687 359 875 408 consilio
891 374 984 405 non
1001 358 1257 409 defiderato
1275 364 1558 426 respondeat.

457 423 508 471 X
523 423 662 470 XII.
695 422 982 487 Restringens
997 424 1306 486 interpretatio
1340 442 1468 474 extra
1494 427 1857 490 fignificationem
1877 433 2045 479 verbo-

394 502 497 534 rum
514 502 609 548 quae
625 483 968 549 promissionem
985 485 1233 543 continent,
1252 502 1329 535 aut
1343 506 1400 536 ex
1416 489 1595 537 defectu
1611 494 1780 552 petitur
1795 495 2044 541 orioinario

394 549 659 606 voluntatis,
676 563 752 595 aut
767 562 826 594 ex
841 546 963 594 casus
974 550 1249 612 emergentis
1264 554 1558 614 repugnantia
1573 569 1677 599 cum
1692 539 2045 603 voluntaie.De..

393 609 537 660 festus
553 610 797 660 voluntatis
826 610 1092 674 originarius
1122 603 1386 677 intelligitur
1414 629 1472 659 ex
1493 613 1685 661 absurdo
1720 618 1846 678 qnod
1877 619 2043 679 alioqui

393 672 629 721 evidenter
644 673 900 738 sequeretur
915 692 931 730 3
947 686 1006 719 ex
1020 671 1262 721 cessatione
1278 677 1466 721 rationis
1482 676 1508 703 *
1528 693 1620 738 quae
1635 677 1726 725 sola
1737 679 1864 741 plene
1882 682 1928 726 ὃ(
1939 682 2040 727 effi·-

390 737 563 784 caciter
577 738 727 783 movit
745 734 1024 782 voluntatem
1030 756 1046 794 3
1057 736 1107 781 &
1118 750 1176 782 ex
1187 739 1386 784 materiae
1402 737 1797 787 defeetuPrimum
1811 744 1852 788 {n
1867 758 1924 788 eo
1942 742 2042 790 fun,-

391 799 657 847 damentum
669 797 822 853 babet,
840 797 966 860 quod
983 813 1120 844 nemo
1135 798 1384 846 credendus
1399 800 1460 846 est
1478 801 1594 848 velle
1606 800 1808 849 absurda.

456 860 507 908 X
521 860 608 910 XI
625 861 645 907 l
663 861 698 908 I.
733 859 1008 914 Secundum,
1029 876 1085 906 ex
1101 875 1161 907 eo
1174 862 1300 924 quod
1316 877 1576 910 contentum
1589 865 1632 909 in
1649 865 2040 926 promiffione‚ubi

390 925 512 972 ratio
529 923 628 971 talis
640 923 823 971 additur
842 961 853 980 ‚
880 935 956 969 aut
972 921 1031 968 de
1046 937 1100 969 ea
1126 923 1297 971 constat
1312 962 1325 980 ,
1345 940 1437 971 non
1453 925 1760 974 consideratur
1776 930 1894 975 nude
1912 966 1924 985 ‚
1960 928 2038 976 sed

391 1001 610 1050 quatenus
624 985 702 1034 sub
718 1001 772 1033 ea
787 986 962 1032 ratione
980 986 1125 1032 venit.

454 1048 507 1096 X
522 1047 610 1095 XI
626 1048 686 1097 V.
702 1048 929 1099 Tertiam,
944 1048 989 1094 in
1005 1062 1064 1093 eo
1081 1046 1207 1109 quod
1221 1048 1411 1095 materia
1426 1047 1485 1095 de
1500 1065 1586 1111 qua
1603 1050 1761 1114 agitur,
1777 1051 1950 1113 semper
1965 1054 2035 1100 in-

392 1109 640 1177 telligenda
670 1110 738 1160 est'
755 1109 986 1157 obversari
1004 1111 1155 1156 animo
1174 1112 1401 1172 loquentis
1415 1148 1425 1165 ‚
1461 1112 1631 1159 etiamsi
1667 1113 1801 1162 verba
1817 1116 1945 1162 latius
1962 1132 2038 1177 pa-

381 1189 532 1222 ·teant.
548 1173 659 1222 Haec
675 1188 859 1236 quoque
871 1171 1193 1233 interpretandi
1205 1174 1325 1219 ratio
1343 1176 1369 1221 a
1387 1170 1664 1220 Rhetoribus
1681 1175 1896 1223 transtatur
1908 1179 1950 1222 in
1968 1179 2040 1224 lo-

390 1253 452 1284 co
479 1235 739 1290 ὠὲῥητέιωιὶ
757 1228 950 1293 Quoius,
978 1235 1028 1281 &
1044 1234 1225 1282 titulum
1242 1234 1378 1283 habet
1392 1273 1404 1292 ,
1438 1251 1541 1283 cum
1570 1236 1734 1284 dicitur
1749 1253 1839 1285 non
1867 1237 2039 1302 semper

390 1300 557 1347 eadem
573 1297 796 1345 sententia.

453 1362 504 1409 X
519 1360 569 1408 X
583 1360 645 1409 V.
681 1360 774 1408 Sed
789 1360 848 1407 de
864 1360 1040 1408 ratione
1056 1358 1302 1407 notandum
1318 1360 1381 1407 est
1409 1359 1485 1408 sub
1512 1377 1565 1408 ea
1581 1363 1901 1424 comprehendi
1931 1363 2040 1427 saepe

393 1422 608 1487 quasdam
626 1439 696 1470 res
711 1461 723 1480 ,
738 1440 827 1470 non
844 1422 1085 1471 secundum
1100 1423 1378 1469 existentiam
1397 1461 1408 1479 ‚
1441 1422 1516 1470 sed
1532 1423 1770 1470 secundum
1789 1428 2039 1488 potentiam

391 1487 629 1535 moraliter
647 1485 976 1533 consideratam
995 1524 1007 1542 ‚
1041 1502 1135 1547 quae
1152 1485 1227 1532 ubi
1246 1485 1396 1532 locum
1413 1484 1550 1532 habet
1567 1525 1578 1542 ‚
1601 1485 1813 1535 restrifflo
1833 1487 2038 1536 facienda

389 1565 481 1598 non
497 1548 653 1595 est.Sic
669 1548 698 1596 fi
712 1563 895 1595 cautum
912 1548 978 1604 fit,
996 1563 1050 1594 ne
1066 1550 1291 1595 exercitus
1304 1562 1381 1594 aut
1398 1547 1542 1595 claffis
1560 1549 1709 1611 aliquo
1725 1549 1927 1606 ducatur,
1947 1567 2038 1598 non

389 1613 562 1676 poterit
578 1611 683 1658 duci
702 1650 713 1666 ‚
745 1612 881 1658 etiam
897 1612 1050 1657 animo
1067 1626 1157 1656 non
1172 1609 1381 1657 nocendi.
1415 1611 1537 1671 Qiia
1549 1613 1591 1656 in
1609 1610 1812 1672 pastione
1827 1627 1918 1658 non
1935 1628 2033 1659 cer-

390 1690 490 1722 tum
507 1674 721 1720 damnum
741 1709 753 1728 ,
790 1672 864 1719 sed
881 1672 1127 1734 periculum
1144 1672 1447 1735 qualecunque
1475 1673 1714 1736 spestatum
1734 1673 1811 1725 ests,
1845 1672 1973 1722 Solet
1988 1677 2038 1722 δε

388 1738 481 1785 hoc
497 1735 723 1799 disputari,
742 1752 796 1782 an
811 1734 1021 1797 promiffa
1039 1736 1083 1780 in
1100 1733 1142 1781 se
1157 1734 1350 1782 habeant
1366 1737 1547 1782 tacitam
1564 1737 1871 1783 conditionem
1887 1775 1898 1792 ‚
1921 1736 1949 1783 si
1968 1753 2036 1784 res

392 1813 604 1847 maneant
615 1814 706 1860 quo
721 1796 818 1845 sunt
834 1798 966 1845 loeo:
986 1797 1112 1859 quod
1129 1796 1381 1862 negandum
1398 1798 1473 1854 est,
1495 1798 1568 1844 nisi
1583 1798 1855 1860 apertissime
1870 1814 2037 1861 pateat,

389 1864 549 1910 statum
574 1876 728 1907 rerum
755 1859 1009 1923 praesentem
1028 1861 1223 1914 munica
1249 1859 1322 1906 illa
1337 1876 1470 1921 quam
1486 1861 1681 1907 diximus
1709 1862 1884 1907 ratione
1899 1862 2040 1907 inclu-

390 1925 486 1973 sum
507 1924 606 1970 effe.
639 1922 716 1970 Sic
776 1921 901 1970 affim
919 1924 962 1968 in
991 1922 1182 1969 historiis
1197 1923 1387 1986 legimus
1416 1923 1594 1987 legatos
1624 1927 1649 1969 a
1668 1922 1865 1984 suscepto
1882 1924 2036 1969 itinere
2057 1934 2193 1979 Pasbhal.
2206 1934 2253 1968 le..

390 1988 587 2036 domum
605 1985 716 2033 redii
750 2001 777 2032 e
803 1983 980 2032 deserta
1002 1985 1231 2049 legatione
1249 2022 1261 2039 ‚
1298 1984 1424 2046 quod
1441 2001 1508 2031 res
1523 1987 1584 2032 ita
1602 1999 1798 2032 mutatas
1815 1985 2034 2050 intellige-
2052 1993 2137 2030 μω·
2150 1992 2250 2028 ⁶·49·

389 2065 505 2104 rent,
524 2064 572 2094 ut
589 2063 689 2095 tota
701 2048 938 2113 legationis
954 2049 1143 2094 materia
1165 2062 1241 2094 aut
1257 2046 1381 2094 causa
1398 2049 1596 2094 cessaret.

456 2109 613 2158 XXV
627 2110 666 2157 Ι.
699 2109 1011 2174 Repugnantia
1038 2108 1161 2156 casus
1177 2111 1448 2174 emergentis
1477 2126 1579 2156 cum
1616 2110 1843 2157 voluntate
1860 2110 1970 2157 solet
1988 2113 2038 2158 &

387 2173 480 2237 ipsa
507 2174 563 2220 ab
580 2174 789 2219 oratoriae
818 2173 924 2219 artis
949 2172 1167 2236 magistris
1199 2172 1357 2219 referri
1385 2172 1444 2217 ad
1470 2189 1571 2218 eum
1602 2187 1734 2234 quem
1753 2173 1847 2218 dixi
1878 2174 2031 2220 locum

373 2234 476 2280 aa&
489 2237 582 2289 ῥητέ
591 2238 625 2294 ’53
637 2228 820 2290 zlffvoc'mo
850 2233 924 2280 Est
941 2250 1091 2292 autem
1104 2233 1271 2297 duplex
1289 2252 1299 2282 ε
1317 2250 1415 2280 nam
1430 2250 1504 2280 aut
1516 2235 1717 2281 voluntas
1734 2235 1958 2297 colligitur
1975 2251 2033 2285 ex

390 2298 580 2344 naturali
594 2299 783 2352 ratione,
802 2311 877 2343 aut
893 2298 1051 2344 exalio
1067 2296 1190 2360 figno
1208 2297 1466 2344 voluntatis.
1488 2297 1548 2343 Di
1554 2299 1566 2354 j
1573 2296 1795 2342 udicandae
1811 2298 2030 2344 voluntati

391 2376 449 2406 ex
463 2359 648 2406 naturali
665 2361 838 2405 ratione
851 2358 1207 2421 Aristoteles,qui
1227 2361 1335 2407 hanc
1347 2373 1521 2419 partem
1536 2358 1855 2405 accuratiffime
1874 2358 2031 2405 tracia-

390 2423 474 2476 vit,
492 2422 722 2484 propriam
741 2423 955 2468 virtutem
973 2420 1130 2467 tribuit
1143 2423 1189 2467 in
1203 2420 1424 2468 intellestu
1438 2421 1582 2474 γνώμην
1605 2459 1614 2475 ,
1634 2420 1723 2467 five
1742 2417 2031 2475 Δί’)νωμςσόνην,

389 2483 435 2530 id
450 2483 512 2529 est
530 2484 923 2546 aquiprudentiam,in
942 2483 1178 2530 voluntate
1196 2499 1306 2530 vero
1318 2482 1581 2537 'imeinwwstd
1595 2482 1653 2528 est
1671 2490 2031 2544 aeqtiitate7n‚quam

390 2545 609 2606 sapienter
623 2544 778 2591 definit
794 2582 807 2599 ‚
841 2544 1172 2592 correctionem
1189 2549 1282 2607 ejus
1310 2551 1333 2577 *
1353 2546 1397 2589 in
1414 2559 1506 2606 quo
1524 2545 1596 2591 lex
1614 2545 1761 2590 deficit
1776 2543 1835 2589 ob
1852 2547 2034 2590 univer-

389 2607 640 2655 salitatem:
675 2605 801 2669 quod
826 2606 886 2653 ad
910 2607 1169 2654 testamenta
1188 2622 1371 2669 quoque
1389 2607 1436 2651 &
1465 2606 1587 2668 pasta
1618 2608 1694 2652 suo
1712 2604 1856 2651 modo
1874 2605 2033 2652 referri

390 2669 544 2718 debet.
577 2668 703 2716 Nam
721 2670 824 2731 quia
840 2667 961 2716 casus
974 2685 1054 2715 nec
1078 2670 1309 2732 praevideri
1328 2683 1483 2716 omnes
1500 2669 1673 2729 possunt
1689 2706 1700 2723 ‚
1732 2683 1811 2713 nec
1828 2669 2033 2729 exprimi,

389 2732 499 2779 ideo
512 2731 719 2778 libertate
736 2730 931 2792 quadam
958 2746 1072 2793 opus
1087 2731 1149 2777 est
1164 2730 1392 2782 eximendi
1407 2732 1527 2776 casus
1545 2745 1656 2791 quos
1674 2731 1747 2790 qui
1779 2729 1956 2776 locutus
1971 2730 2033 2777 est

392 2794 423 2841 fi
443 2794 605 2841 adeffet
622 2795 872 2842 eximeret:
904 2809 994 2840 non
1010 2808 1158 2839 tamen
1174 2809 1344 2839 temere
1362 2813 1377 2849 3
1404 2791 1452 2842 id
1470 2794 1590 2837 enim
1608 2791 1710 2837 esset
1726 2791 1962 2837 dominum
1987 2791 2032 2838 se

393 2855 546 2903 facere
558 2856 680 2904 adius
694 2856 824 2902 alieni
840 2875 857 2913 3
885 2853 961 2901 {ed
978 2870 1037 2900 ex
1053 2854 1365 2902 sufficientibus
1381 2855 1561 2901 indiciis.
1595 2851 1900 2900 Cerriffimum
1918 2853 2034 2899 indi-

395 2919 512 2965 cium
529 2917 591 2964 est
626 2956 638 2974 ,
677 2916 706 2962 fi
731 2932 823 2978 quo
845 2919 945 2963 casu
980 2916 1098 2977 sequi
1128 2918 1265 2964 verba
1282 2917 1488 2966 illicitum
1522 2914 1623 2962 effer
1643 2951 1653 2965 ‚
1681 2915 1728 2960 id
1746 2914 1806 2961 est
1843 2931 2029 2977 mgnans

392 2995 499 3027 cum
516 2978 795 3025 ⁴naturalibus
813 2992 891 3024 aut
921 2978 1081 3025 divinis
1104 2981 1347 3041 pra-ceptis.
1382 2977 1513 3024 Talia
1527 2978 1642 3023 enim
1667 2993 1768 3023 cum
1786 2992 1816 3021 o
1856 2978 2034 3039 ligatio-

392 3042 460 3089 nis
476 3042 659 3102 capacia
687 3055 777 3086 non
793 3039 875 3085 (int
902 3077 914 3093 ,
949 3039 1186 3086 eximenda
1203 3041 1298 3087 sunt
1310 3040 1565 3086 necessario.
1600 3043 1796 3101 §gardam
1815 3040 1875 3084 ait
1892 3040 2033 3103 Qn-

396 3103 572 3150 tilianus
601 3117 733 3162 pater
749 3139 761 3158 ,
786 3103 936 3160 etiamst
955 3106 1062 3146 nulla
1072 3102 1344 3162 fignificatione
1372 3105 1458 3160 legis
1479 3104 1730 3161 comprehensa
1746 3102 1827 3160 fint
1843 3138 1855 3154 ‚
1887 3118 2033 3147 natura

391 3181 521 3213 tamen
536 3171 782 3224 excipiuntur.
816 3162 885 3208 Ita
901 3163 974 3224 qui
991 3161 1196 3223 promifit
1211 3162 1465 3225 depositum
1479 3162 1681 3225 gladium
1699 3160 1888 3208 reddere
1903 3199 1916 3217 ,
1938 3177 2028 3207 non

392 3226 555 3275 reddet
577 3222 776 3283 furenti,
801 3239 857 3272 ne
871 3238 948 3273 aut
965 3223 1044 3286 ipfi
1069 3225 1312 3288 periculum
1325 3238 1450 3276 creet
1466 3261 1480 3283 ,
1508 3239 1583 3274 aut
1599 3223 1694 3274 aliis
1708 3223 2030 3331 innocentibsus.

1989 3298 2027 3330 ic
