2380 3917
91 361 174 397 Ate.
187 355 303 407 mess.

96 417 153 451 17·

87 1439 130 1472 CI.
144 1438 174 1470 r'n
187 1438 282 1471 [Non

79 1486 213 1531 pofflcm,
230 1489 275 1521 D.

84 1536 123 1567 de
135 1535 263 1579 legibus.

84 1797 173 1827 ΒΔΓΫ.
183 1796 219 1828 in
229 1796 251 1828 l*
261 1795 299 1830 Si

85 1844 107 1872 ἐι
124 1856 178 1885 ψη
189 1852 244 1887 pro

82 1899 231 1931 emptore,
246 1892 295 1923 D.

81 1935 121 1967 d.-
135 1935 223 1979 usuc.

82 2110 195 2148 cnvqr.
214 2114 295 2141 111·

84 2155 298 2195 mna-3375.

83 2202 184 2243 Ttmq.
201 2214 232 2232 m
245 2203 301 2246 lrg.

80 2249 211 2279 [mmuh.
226 2250 279 2282 (il.

86 2300 117 2336 3,
132 2306 162 2327 n.
182 2302 261 2339 1¹5·

67 2673 170 2705 ‘narb
191 2680 249 2708 Ἰν,

80 2720 160 2762 cons.
173 2723 234 2758 62.

326 284 398 323 278
745 285 1588 329 DEIVREBELLI

331 352 604 408 rabilia,alia
623 351 800 408 odiosa,
818 352 906 399 alia
921 353 1069 399 mixta
1083 386 1093 401 ‚
1109 367 1185 400 aut
1199 353 1363 410 media.
1399 353 1682 405 Favorabilia
1718 353 1820 402 sunt
1836 370 1932 418 quae
1947 370 1996 404 Ξ·

330 417 593 479 qualitatem
626 418 669 462 in
705 415 745 462 se
769 415 937 464 habent
955 454 967 472 ,
999 415 1047 461 &
1065 430 1160 475 quae
1191 432 1491 463 communem
1525 416 1720 480 spechnt
1736 419 2000 475 utilitatem,

328 496 425 539 quae
456 496 548 542 quo
582 481 731 539 major
761 478 821 524 est
854 515 864 528 ‚
904 493 1041 540 atque
1072 478 1203 526 latius
1238 493 1364 542 patet
1400 517 1411 534 ,
1437 495 1496 525 eo
1521 482 1673 540 major
1703 481 1765 527 est
1796 480 2002 542 promiffi

329 543 465 591 favor
485 578 494 595 ,
522 556 570 588 ut
588 557 750 588 eorum
777 558 870 603 quae
888 539 946 586 ad
969 555 1128 602 pacem
1157 540 1326 590 faciunt
1348 543 1496 602 major
1510 558 1644 604 quam
1659 542 1716 590 ad
1734 542 1902 590 bellum
1922 582 1932 599 ‚
1951 545 2003 590 &

332 606 439 654 belli
456 605 519 650 ob
536 606 777 651 tuitionem
796 601 982 667 suscepti
999 605 1149 664 maj0r
1168 619 1307 667 quam
1322 603 1419 650 aliis
1447 603 1507 649 de
1522 606 1672 652 caufis.
1708 605 1887 653 Odiosa
1904 605 2002 653 sunt

332 685 427 730 quae
439 683 612 729 partem
631 668 816 713 alteram
834 681 1025 722 tantum,
1044 681 1119 712 aut
1131 667 1228 729 plus
1251 666 1391 713 altera
1405 681 1616 723 onerant,
1650 669 1802 730 &quae
1819 684 2001 730 poenam

328 733 372 779 in
392 730 432 776 se
450 731 692 785 continent,
714 731 761 775 δε
779 746 874 791 quae
891 727 1013 776 adius
1031 727 1201 776 faciunt
1217 730 1373 776 irritos
1390 764 1400 779 ,
1419 730 1468 776 8(
1480 746 1575 792 quae
1593 730 1653 777 de
1665 732 1898 793 prioribus
1915 731 2001 779 ali-

328 794 438 858 quid
457 792 860 853 immutant.Qod
883 792 910 839 fi
923 793 1117 838 mixtum
1137 792 1188 838 fit
1207 790 1393 852 aliquid,
1411 807 1461 838 ut
1472 806 1649 840 mutans
1667 794 1851 856 quidem
1869 797 1998 857 prio-

328 874 377 904 ra
399 895 408 912 ,
439 855 512 902 sed
530 858 653 917 pacis
668 856 812 910 causa,
830 853 876 901 id
892 870 976 918 pro
995 855 1306 918 magnitudine
1323 852 1434 900 boni
1454 893 1466 910 ,
1486 870 1564 902 aut
1579 857 1842 903 mutationis
1859 873 1997 915 3mo-

327 920 393 967 do
412 917 685 975 favorabile,
699 918 848 964 niodo
866 915 1076 964 odiosum
1089 915 1342 965 censebitur
1356 954 1367 974 ‚
1387 917 1452 964 ita
1470 931 1622 965 tamen
1635 932 1684 966 ut
1697 956 1710 977 ‚
1729 921 1901 969 caeteris
1915 936 1999 984 pa-

327 982 464 1039 ribus,
483 980 615 1028 favor
632 980 861 1028 censeatur
871 981 1041 1044 potior.

393 1045 442 1092 X
457 1045 489 1091 Ι.
527 1043 782 1092 Discrimen
802 1044 980 1091 actuum
997 1041 1125 1090 bonae
1138 1042 1240 1092 fidei
1259 1044 1308 1091 &
1323 1042 1452 1091 stristi
1465 1045 1574 1105 juris
1591 1059 1807 1108 quatenus
1823 1060 1881 1092 ex
1898 1046 1998 1093 'ure

325 1110 386 1157 est
401 1107 632 1159 RomanO,
647 1107 701 1154 ad
721 1111 787 1167 jus
803 1107 1003 1171 gentium
1021 1121 1111 1151 non
1125 1108 1334 1168 pertinet.
1370 1106 1523 1154 Potest
1539 1122 1692 1155 tamen
1705 1108 1856 1172 aliquo
1891 1108 1995 1157 ensu

327 1174 417 1219 huc
446 1172 613 1234 aptari,
649 1186 697 1216 ut
714 1170 877 1217 scilicet
910 1168 940 1215 fi
972 1167 1130 1231 quibus
1146 1170 1190 1215 in
1209 1169 1467 1234 regionibus
1491 1169 1613 1217 aetus
1629 1171 1765 1232 aliqui
1790 1170 1996 1219 formam

329 1235 555 1298 quendam
575 1233 768 1282 habeant
785 1247 1096 1287 communem,
1117 1248 1170 1278 ea
1184 1242 1401 1294 quatenus
1417 1234 1661 1281 immutata
1677 1249 1770 1280 non
1785 1233 1865 1290 est,
1877 1234 1994 1281 actui

322 1297 456 1346 inesse
474 1296 772 1361 intelligatur:
791 1298 833 1343 in
853 1294 951 1341 aliis
969 1309 1122 1341 autem
1156 1295 1327 1342 astibus
1356 1295 1434 1357 qui
1465 1311 1547 1359 per
1569 1295 1616 1342 se
1642 1294 1740 1344 sunt
1756 1296 1993 1356 indefiniti,

321 1361 464 1424 qualis
477 1360 537 1406 cst
551 1359 758 1410 donatio,
772 1361 817 1405 δε
833 1358 1026 1405 liberalis
1044 1357 1300 1421 promissio,
1315 1359 1462 1423 magis
1479 1358 1616 1406 stetur
1627 1358 1780 1407 dietis.

388 1423 436 1470 X
457 1423 475 1469 1
494 1423 528 1468 1.
564 1423 650 1471 His
663 1423 817 1485 positis
833 1421 898 1468 hae
916 1420 1116 1472 tenendae
1135 1418 1233 1467 sunt
1247 1421 1422 1486 regulae.
1461 1421 1513 1468 In
1527 1438 1621 1469 non
1635 1421 1806 1469 odiosis
1820 1421 1994 1470 sumen-

324 1487 380 1533 da
398 1484 536 1534 verba
551 1484 792 1533 secundum
810 1499 960 1530 totam
985 1499 1069 1547 pro
1106 1485 1311 1530 rietatem
1329 1484 1427 1531 usus
1443 1487 1675 1549 popularis
1689 1523 1701 1542 ,
1729 1487 1779 1531 &
1797 1485 1827 1532 fi
1842 1485 1992 1550 plures

320 1549 417 1603 fint,
429 1565 530 1596 earn
547 1565 639 1610 quae
653 1548 860 1596 latissima
876 1547 937 1593 est
956 1585 967 1598 ,
988 1500 1119 1609 quale
1135 1546 1196 1594 est
1210 1561 1259 1593 ut
1273 1547 1563 1596 masculinum
1593 1547 1793 1595 sumatur
1811 1564 1896 1612 pro
1910 1565 1994 1613 ge-

322 1629 427 1659 nere
444 1614 676 1658 communi
697 1613 767 1668 ‚&
787 1609 1014 1657 indefinita
1032 1610 1206 1656 locutio
1223 1625 1308 1671 pro
1323 1610 1569 1659 universali.
1605 1610 1681 1658 Sic
1712 1610 1850 1659 verba
1879 1613 1990 1663 haec.

323 1680 425 1722 unde
438 1677 689 1737 quisdejec‘lus
705 1681 756 1720 eft
776 1710 786 1724 ,
805 1675 940 1720 etiam
969 1671 1026 1718 ad
1043 1688 1148 1718 eum
1175 1672 1496 1720 restituendum
1512 1674 1799 1738 pertinebunt
1814 1714 1825 1731 ,
1845 1677 1918 1738 qui
1938 1676 1988 1722 vi

322 1738 490 1784 vetitus
507 1736 567 1782 est
581 1736 639 1783 ad
655 1736 777 1782 suum
791 1735 1022 1782 accedere.
1059 1751 1163 1781 nam
1177 1751 1271 1782 vox
1289 1736 1432 1782 laxius
1450 1735 1591 1784 sumta
1608 1736 1695 1783 fert
1707 1754 1808 1785 eam
1825 1738 1854 1784 si
1890 1738 1990 1785 nifi-

324 1801 572 1854 cationem‚
592 1815 642 1844 ut
660 1799 779 1846 redte
798 1797 967 1845 Cicero
987 1813 1072 1860 pro
1092 1798 1145 1844 A.
1165 1796 1343 1845 Caecina
1360 1798 1568 1860 disputat.
1586 1800 1637 1846 ln
1653 1799 1856 1848 favorabi
1880 1802 1990 1847 iori-

322 1861 464 1918 bus,s1
481 1863 514 1907 is
527 1863 599 1923 qui
621 1863 822 1923 loquitur
835 1863 902 1921 jus
919 1860 1142 1925 intelligat
1161 1898 1172 1916 ,
1192 1875 1266 1907 aut
1284 1862 1535 1922 peritorum
1552 1863 1659 1921 juris
1673 1863 1859 1910 consilio
1890 1879 1991 1911 uta-¹

320 1940 409 1980 tur,
429 1923 566 1971 verba
580 1925 720 1970 laxius
739 1923 950 1970 sumenda
970 1962 981 1979 ,
1002 1938 1050 1969 ut
1070 1925 1207 1969 etiam
1223 1922 1455 1971 includant
1482 1923 1844 1988 significationem
1861 1928 1985 1984 artis,

322 2001 397 2033 aut
423 2002 556 2047 quam
590 1987 662 2033 lex
680 1987 820 2033 dedit.
855 1991 880 2015 *
919 1986 993 2032 Aci
1026 1985 1365 2048 significationes
1393 2001 1540 2033 autem
1569 1988 1700 2050 plane
1714 1991 1986 2054 improprias

319 2066 409 2095 non
428 2050 748 2104 recurrendum
770 2088 781 2105 ,
801 2049 877 2095 nisi
897 2048 1061 2110 alioqui
1080 2047 1322 2096 absurdum
1353 2048 1518 2112 aliquid
1535 2066 1610 2097 aut
1637 2051 1748 2109 ρειέὶί
1772 2053 1986 2101 inutilitas

324 2109 594 2172 sequeretur.
615 2113 682 2158 Ex
697 2113 928 2159 contrario
948 2110 1085 2158 verba
1100 2111 1233 2158 etiam
1251 2110 1447 2164 striffius
1463 2128 1596 2174 quam
1611 2112 1698 2161 fert
1714 2117 1984 2179 proprietas,

325 2172 539 2220 sumenda
557 2189 688 2220 erunt
707 2189 718 2230 ¹,
739 2175 768 2222 fi
789 2174 836 2220 id
853 2174 1138 2220 necessarium
1172 2174 1257 2219 erit
1273 2173 1331 2220 ad
1349 2174 1577 2221 vitandam
1604 2177 1888 2240 iniquitatem
1909 2179 1983 2225 vel

328 2235 655 2284 absurditatem
680 2254 689 2284 :
709 2252 753 2284 :it
773 2237 800 2284 fi
819 2253 906 2283 non
921 2237 1021 2283 talis
1039 2236 1099 2284 est
1116 2234 1359 2291 neceffitaS,
1374 2236 1449 2283 sed
1466 2237 1695 2286 manifesta
1711 2242 1891 2303 :equitas
1909 2241 1984 2288 vel

321 2299 486 2344 utilitas
513 2301 555 2344 in
573 2299 846 2355 restricfflione
865 2339 876 2356 ‚
907 2298 1009 2346 subs
1019 2299 1138 2359 stend
1148 2316 1223 2345 um
1242 2300 1452 2346 eritintra
1481 2300 1747 2349 arCtiffimos
1763 2305 1983 2352 terminos

315 2363 623 2425 proprietatis,
646 2362 718 2411 nisi
737 2363 1072 2408 circumstantiae
1087 2361 1208 2408 aliud
1226 2360 1453 2408 suadeant.
1470 2362 1519 2408 In
1530 2363 1697 2412 odiosis
1714 2381 1824 2412 vero
1841 2367 1981 2413 etiam

318 2426 465 2471 sermo
480 2425 691 2487 figuratus
709 2425 1033 2485 aliquantulum
1053 2423 1322 2480 admittitur,
1337 2440 1426 2486 quo
1444 2441 1555 2473 onus
1571 2428 1749 2476 vitetur.
1768 2429 1980 2492 Itaquein

319 2487 568 2534 donatione
582 2489 628 2533 δε
645 2489 757 2547 juris
774 2488 835 2533 sui
854 2487 1109 2547 remiffione
1127 2526 1137 2541 ,
1156 2486 1293 2533 verba
1306 2526 1316 2543 ,
1336 2492 1621 2549 quantumvis
1635 2492 1858 2554 generalia
1875 2531 1886 2549 ,
1907 2509 1979 2539 re-

318 2549 466 2611 stringi
488 2549 628 2597 [olent
650 2550 771 2596 adea
787 2550 844 2595 de
863 2551 1022 2612 quibus
1052 2549 1347 2597 verisimiliter
1381 2549 1442 2596 est
1459 2554 1720 2615 cogitatum.
1754 2554 1811 2600 Et
1826 2556 1870 2601 in
1885 2555 1978 2603 hoc

317 2629 466 2659 rerum
484 2628 648 2675 genere
663 2628 934 2676 occupatum
952 2628 1268 2677 nonnunquam
1283 2613 1330 2659 id
1347 2611 1529 2660 demum
1548 2615 1832 2681 intelligetur,
1849 2618 1976 2680 quod

316 2675 409 2737 spes
426 2674 474 2720 fit
492 2677 613 2736 poffe
630 2677 826 2722 retineri.
859 2673 934 2721 Sic
954 2675 1115 2721 auxilia
1134 2676 1343 2738 promissa
1360 2675 1415 2722 ab
1427 2693 1510 2725 una
1526 2692 1699 2726 tantum
1715 2695 1843 2743 parte
1861 2719 1872 2738 ‚
1907 2683 1977 2729 in-

314 2737 569 2796 telligeutur
585 2738 741 2784 deberi
771 2737 1008 2802 impendiis
1023 2740 1116 2798 ejus
1131 2740 1205 2799 qui
1224 2737 1474 2801 postulabit.

382 2801 428 2847 X
447 2800 461 2844 Ι
480 2803 499 2846 1
519 2801 553 2846 Ι.
588 2801 768 2847 Illustris
779 2801 840 2847 est
854 2800 1048 2862 quaestio‚
1069 2799 1291 2847 lociorum
1311 2803 1491 2848 nomine
1507 2803 1684 2850 veniant
1700 2818 1876 2860 tantum
1893 2810 1972 2870 qni

315 2878 441 2910 erant
462 2863 628 2909 federis
647 2878 859 2923 tempore
878 2901 890 2917 ,
913 2879 966 2908 an
985 2864 1031 2908 δέ
1047 2861 1183 2908 futuri
1204 2902 1214 2918 ,
1235 2878 1283 2910 ut
1304 2865 1346 2910 in
1365 2863 1528 2924 federe
1552 2863 1671 2911 fasto
1691 2867 1808 2915 inter
1824 2885 1974 2933 popu-

313 2929 404 2974 lurn
420 2925 678 2973 Romanum
698 2928 743 2971 δε
761 2924 1176 2988 Carthaginiensem
1227 2927 1291 2973 ost
1308 2925 1475 2975 bellun}
1490 2929 1548 2976 de
1564 2926 1739 2979 Sicilia:
1772 2939 1973 2996 Vtriusque

307 2994 434 3052 populi
444 2993 531 3045 siocli
540 2993 587 3033 ab
607 3006 766 3048 utroque
779 2993 906 3047 pupulo
921 2993 1135 3047 tutz'ssmto.
1170 2942 1290 3035 &inc
1305 2988 1500 3039 Romani
1515 2989 1780 3045 inferebant,
1801 2995 1971 3042 etiamst

316 3052 447 3097 fedus
475 3068 577 3096 cum
611 3050 859 3096 Asdrubale
888 3049 1021 3096 ictum
1041 3049 1098 3095 de
1116 3049 1252 3097 Ibero
1285 3068 1414 3100 amne
1433 3069 1523 3102 non
1540 3054 1810 3113 transeundo
1833 3095 1845 3113 ,
1861 3057 1971 3104 nihil

311 3115 410 3176 ipsis
431 3113 654 3175 prodesset
688 3113 812 3174 quod
843 3110 1234 3177 Carthaginienses
1261 3114 1309 3160 id
1325 3129 1471 3162 ratum
1502 3133 1591 3164 non
1605 3117 1852 3167 habuissent
1870 3158 1881 3175 ,
1900 3134 1975 3167 ta-

310 3194 415 3222 1ncn
433 3177 459 3221 si
477 3174 870 3238 Carthaginienses
896 3174 1062 3220 fastum
1084 3175 1308 3222 Annibalis
1343 3193 1462 3241 oppu
1498 3180 1644 3226 nantis
1676 3180 1734 3226 Sa
1769 3184 1969 3238 untinos,

310 3255 422 3299 quos
442 3238 536 3299 post
557 3237 684 3284 fedus
699 3236 894 3284 Romani
918 3238 1060 3283 socios
1077 3238 1365 3294 adsciverant,
1384 3194 1645 3302 probarent,
1666 3242 1735 3289 bel
1757 3261 1832 3290 um
1849 3244 1970 3290 indi-

312 3302 350 3348 ci
370 3301 469 3363 ipsis
482 3300 601 3362 fosse
618 3315 833 3362 tanquam
849 3298 1007 3347 federe
1028 3301 1215 3349 violato·
1248 3301 1468 3352 Rationes
1484 3307 1546 3352 ita
1577 3299 1932 3370 Livius'exponit
1952 3321 1965 3352 τ

1869 3375 1970 3413 Satis
