2380 3917
311 312 389 353 34⁴
736 307 1590 350 Dnrvnssnssttr

314 371 478 420 harum
492 372 811 437 cognitionem
818 388 1086 434 temporum
1099 372 1223 439 lapsu
1237 374 1357 437 apud
1375 375 1545 423 multos
1558 390 1620 437 po
1655 376 1755 424 ulos
1766 376 1990 426 oblitera-

313 447 426 489 tam,
443 435 494 481 &
505 435 625 499 quasi
641 435 884 484 extian
901 435 1124 488 videmus,
1140 452 1290 499 eoque
1305 436 1482 485 facilius
1499 440 1603 500 quia
1635 454 1743 503 eges
1761 439 1876 486 hauc
1892 457 1994 503 par-

315 511 414 544 tem
427 498 575 545 minus
605 498 823 547 curabant
839 512 889 545 ut
905 499 996 545 sine
1007 516 1097 562 qua
1112 500 1261 562 aliqua
1278 498 1439 547 saltem
1455 499 1689 548 consistere
1711 502 1873 564 religio
1889 503 1996 565 pos-

317 560 401 606 set.
435 560 534 622 Ipsa
554 561 628 607 lex
645 561 739 608 Dei
754 561 818 608 illi
836 562 1011 624 populo
1032 561 1141 609 data
1158 578 1295 624 quem
1313 563 1554 624 Prophetae
1590 564 1641 609 δε
1670 564 1881 628 prodigia
1893 581 1996 626 par-

317 623 402 669 tim
418 623 668 687 conspedta,
684 626 852 687 partim
869 640 960 670 non
980 624 1236 672 dubitandae
1252 624 1531 672 auCtoritatis
1549 624 1672 673 fama
1688 625 1774 674 adi
1810 629 1880 675 sos
1891 642 1997 689 per-

322 684 429 735 lata,
448 687 713 751 cognitione
739 688 900 734 harum
914 703 1066 735 rerum
1095 702 1178 734 nec
1201 687 1402 738 obscura,
1422 703 1503 735 nec
1519 691 1688 736 incerta
1715 691 1778 734 im
1813 703 1991 746 uetant,

317 763 575 810 quanquam
591 749 813 796 falsorum
830 749 1030 797 deorum
1043 749 1188 797 cultus
1204 752 1404 797 maxime
1421 749 1669 797 detestatur
1686 789 1698 808 ‚
1719 767 1811 800 non
1836 766 1990 799 tamen

318 826 481 857 omnes
496 813 594 872 ejus
606 813 745 875 culpae
758 814 994 860 convictos
1014 829 1167 860 morte
1183 815 1310 876 punit
1330 851 1341 870 ‚
1375 813 1451 860 sed
1479 828 1563 860 eos
1590 812 1778 862 demum
1795 827 1989 878 quorum

319 871 442 921 faEla
463 875 843 923 circumstantiam
858 876 1027 924 habent
1046 876 1311 939 singularem
1331 914 1342 932 ‚
1357 890 1408 923 ut
1435 891 1539 923 eum
1559 879 1635 939 qui
1662 877 1867 941 princeps
1878 875 1990 922 alios

319 934 564 985 seduxerit.
583 939 724 987 Deut.
740 954 882 996 x111,
904 941 978 987 16.
1009 940 1243 987 civitatem
1259 955 1354 1003 quae
1375 940 1547 998 incepit
1574 941 1730 986 colere
1751 940 1868 986 deos
1882 952 1990 985 ante

319 999 528 1064 ignotOS‚
545 1002 686 1049 Deut.
708 1018 768 1049 x1
780 1017 824 1060 1,
839 1014 870 1049 2
880 1016 922 1068 3.
938 1018 1045 1050 eum
1062 1003 1136 1065 qui
1150 1002 1263 1050 astra
1276 1003 1387 1050 colit
1412 1017 1461 1050 ut
1478 1003 1627 1066 legem
1643 1015 1794 1048 totam
1812 1017 1866 1048 ac
1881 1016 1991 1064 pro-

319 1062 430 1108 inde
463 1063 555 1111 Dei
586 1066 683 1111 veri
712 1065 881 1111 cultum
902 1065 1076 1112 deserat
1092 1104 1103 1122 ,
1148 1066 1292 1114 Deut.
1322 1081 1411 1112 xvi
1424 1082 1446 1113 1
1464 1104 1474 1121 ,
1489 1078 1538 1111 2.
1573 1066 1589 1123 (
1606 1064 1735 1127 quod
1753 1063 1898 1111 Paulo
1926 1062 1989 1109 est

320 1126 494 1177 λατςεύᾶν
505 1127 561 1176 τιῖ
573 1122 670 1176 »Za-d
679 1118 800 1191 ›ay-{9¹
814 1129 846 1171 “r“
857 1124 1025 1177 κῗᾶπινᾶι
1038 1132 1064 1160 *
1088 1131 1381 1191 opificiosbrvt're
1393 1149 1466 1176 non
1478 1132 1715 1191 opfici:nam
1728 1118 1850 1190 a&
1863 1125 1925 1174 ibi
1939 1126 1990 1172 δᾶ

317 1189 424 1237 alibi
440 1189 546 1255 saepe
560 1193 656 1238 vim
675 1191 811 1238 habet
823 1191 1094 1240 exclufivam
1117 1193 1132 1251 )
1149 1208 1244 1255 quae
1261 1207 1331 1239 res
1351 1193 1489 1238 etiam
1508 1189 1629 1252 apud
1642 1189 1770 1237 Esaui
1783 1189 1990 1254 posteros

317 1253 476 1316 aliquo
494 1268 708 1316 tempore
724 1256 871 1315 poenis
888 1253 977 1302 fuit
993 1253 1168 1302 subdita
1188 1293 1199 1312 ‚
1219 1268 1267 1301 ut
1283 1254 1437 1301 videre
1451 1254 1512 1301 est
1530 1253 1631 1301 lobi
1651 1268 1796 1309 xxx1,
1815 1255 1894 1310 26,
1911 1265 1991 1310 27.

318 1331 425 1362 eum
444 1318 727 1380 quoque,qui
739 1317 912 1365 liberos
929 1318 1031 1365 suos
1047 1317 1279 1364 Molocho
1293 1316 1340 1364 id
1351 1317 1412 1364 est
1428 1317 1624 1365 Saturno
1637 1315 1988 1373 dederit,Levit‚

316 1394 385 1424 xx
401 1416 414 1435 ,
433 1392 483 1426 2.
498 1378 751 1428 Cananaeos
764 1395 879 1429 vero
908 1383 955 1428 &
970 1382 1141 1433 vicinos
1172 1381 1257 1428 illis
1283 1380 1477 1444 populos
1508 1380 1683 1442 pridem
1709 1379 1915 1445 delapsos
1929 1377 1990 1426 ad

314 1456 480 1549 gravas
497 1442 827 1504 superstitiones
843 1459 935 1490 non
950 1443 1098 1492 statim
1112 1444 1238 1492 Deus
1253 1443 1502 1506 puniendos
1517 1443 1736 1504 judicavit
1754 1482 1766 1501 ‚
1783 1443 1860 1490 sed
1887 1458 1988 1490 tum

353 1519 508 1552 emum
526 1521 631 1552 cum
647 1506 761 1553 hanc
775 1505 956 1568 culpam
975 1507 1152 1570 magnis
1168 1506 1401 1556 sceleribus
1415 1508 1704 1555 cumulassent
1723 1544 1736 1563 ‚
1755 1508 1871 1554 Gen.
1904 1521 1984 1562 xv,

319 1567 396 1614 16.
431 1567 506 1616 Sic
524 1570 573 1615 &
591 1570 638 1616 in
648 1568 743 1615 aliis
760 1569 942 1631 populis
961 1569 1254 1618 dissimulavit
1270 1573 1530 1631 ignorantiae
1539 1585 1751 1633 tempora
1765 1571 1886 1617 circa
1903 1567 1991 1616 fal·

317 1628 474 1677 sorum
500 1633 736 1678 numinum
763 1632 912 1679 cultus
933 1670 944 1689 ,
967 1632 1066 1678 Aer.
1091 1648 1180 1681 xvi
1193 1649 1234 1690 1,
1257 1634 1327 1697 38.
1364 1633 1599 1680 Nimirum
1615 1632 1737 1680 reae
1753 1635 1781 1679 a
1798 1632 1993 1680 Philone

318 1691 494 1740 ditstum
512 1693 588 1750 est,
605 1694 873 1759 religionem
893 1694 1013 1742 suam
1032 1697 1193 1757 cuique
1210 1698 1357 1745 videri
1367 1697 1603 1759 optimam,
1616 1709 1666 1742 ut
1680 1711 1775 1758 quae
1789 1695 1990 1760 plerum-

319 1771 408 1816 que
422 1772 513 1802 non
526 1757 704 1803 ratione
722 1756 799 1804 sed
814 1757 974 1805 affeEiu
990 1757 1265 1818 dijudicetur
1287 1777 1296 1808 :
1314 1758 1434 1807 unde
1454 1775 1545 1805 non
1561 1759 1638 1804 lon
1673 1774 1698 1805 e
1711 1757 1806 1805 abit
1815 1758 1988 1804 distum

75 1837 192 1875 acad.
211 1844 266 1876 xv,
321 1819 564 1868 Ciceronis
586 1858 596 1876 ‚
614 1821 783 1866 nemini
799 1819 937 1867 ullam
956 1819 1229 1884 disciplinam
1252 1820 1544 1885 philosophiae
1559 1836 1644 1880 pro
1679 1822 1745 1868 ari
1781 1859 1793 1878 ,
1830 1835 1989 1883 praeter

315 1899 417 1931 eam
435 1897 570 1945 quam
587 1883 679 1945 ipse
691 1881 912 1945 sequatur.
930 1882 1076 1930 Addit
1095 1884 1333 1946 plerosque
1348 1885 1488 1932 teneri
1503 1882 1734 1931 adstriCtos
1750 1897 1988 1946 antequam

349 1945 426 1992 uid
441 1944 546 1991 esset
564 1946 791 2008 optimum
808 1945 1010 2006 judicare
1023 1945 1209 2010 poss'ent.
1225 1946 1351 1995 Sicut
1364 1962 1513 1994 autem
1540 1945 1811 1994 excusabiles
1827 1944 1922 1993 sunt
1937 1948 1988 1992 &

314 1962 375 2055 {b
388 2006 647 2054 hominibus
664 2021 788 2054 certe
804 2024 895 2055 non
915 2008 1128 2069 puniendi
1147 2046 1159 2065 ,
1177 2012 1252 2072 qui
1269 2027 1372 2057 cum
1389 2009 1536 2072 legem
1551 2011 1576 2054 a
1610 2008 1719 2056 Deo
1750 2007 1986 2072 proditam

315 2070 484 2117 nullam
499 2072 769 2130 acceperint,
790 2085 866 2118 aut
883 2070 1122 2128 astrorum,
1136 2087 1213 2119 aut
1228 2073 1415 2119 aliarum
1434 2087 1583 2118 rerum
1607 2072 1876 2118 naturalium
1895 2073 1989 2118 vir-

315 2145 456 2188 tutes,
477 2146 553 2179 aut
569 2131 761 2188 siritus,
778 2132 926 2180 sivein
944 2132 1229 2206 imaginibus,
1246 2135 1336 2182 five
1352 2136 1394 2182 in
1414 2132 1727 2191 animantibus,
1746 2134 1895 2181 sivein
1914 2149 1986 2179 re-

317 2194 403 2242 bus
418 2194 513 2242 aliis
523 2149 679 2242 colunt
697 2233 709 2251 ,
729 2209 805 2242 aut
822 2197 959 2243 etiam
978 2213 1150 2244 animas
1166 2212 1328 2245 eorum
1358 2198 1434 2260 qui
1454 2197 1618 2243 virtute
1634 2196 1682 2242 δε
1700 2195 1924 2243 beneficiis
1941 2197 1987 2242 in

315 2257 566 2304 humanum
592 2272 738 2319 genus
775 2259 1084 2306 excelluerunt
1102 2298 1114 2315 ,
1145 2274 1221 2307 aut
1238 2275 1413 2308 mentes
1426 2258 1639 2321 quasdam
1671 2259 1985 2324 incorporeas,

317 2318 565 2382 praesertim
579 2320 608 2366 si
622 2322 728 2366 neci
763 2319 793 2367 si
809 2322 921 2369 tales
941 2321 1086 2369 cultus
1102 2324 1353 2370 commenti
1368 2322 1548 2376 fuerint,
1560 2322 1585 2349 *
1607 2338 1687 2368 ηερ
1711 2321 1873 2369 summi
1893 2321 1985 2368 Dei

313 2383 486 2429 cultum
510 2382 619 2428 ideo
653 2382 712 2428 de
733 2398 891 2433 erant:
923 2385 988 2431 ita
1015 2386 1165 2448 impiis
1180 2387 1323 2451 magis
1343 2400 1477 2447 quam
1508 2385 1758 2432 errantibus
1770 2399 1987 2431 annume-

315 2444 442 2493 randi
458 2443 556 2493 sunt
576 2484 586 2500 ,
604 2447 681 2508 qui
698 2459 775 2493 aut
790 2446 1135 2495 cacodaemonas
1167 2464 1282 2510 quos
1310 2450 1420 2496 tales
1453 2446 1539 2494 esse
1554 2462 1736 2505 norunt,
1754 2461 1830 2494 aut
1850 2449 1986 2494 vitio-

313 2523 415 2555 rum
432 2509 617 2554 nomina
637 2545 648 2564 ,
667 2523 743 2555 aut
771 2508 981 2556 homines
997 2525 1192 2573 quorum
1219 2512 1311 2559 vita
1343 2509 1430 2557 fuit
1445 2510 1622 2574 flagitiis
1645 2510 1775 2574 plena
1793 2549 1805 2567 ‚
1821 2509 1985 2558 divinis

313 2570 564 2617 honoribus
580 2570 735 2617 colere
751 2570 1001 2618 instituunt.
1047 2571 1154 2620 Nec
1184 2575 1329 2622 minus
1346 2573 1406 2621 illi
1433 2575 1507 2634 qui
1524 2573 1636 2620 deos
1651 2574 1806 2621 colunt
1838 2573 1988 2619 homi-

313 2649 419 2679 num
433 2634 729 2680 innocentum
747 2631 976 2697 sanguine,
994 2637 1019 2682 a
1036 2651 1127 2697 quo
1146 2652 1277 2684 more
1293 2636 1420 2700 quod
1445 2633 1836 2700 Carthaginienses
1851 2634 1987 2682 absti-

77 2696 294 2732 lun-1³¹¹·
314 2711 420 2741 nere
430 2697 635 2759 coegerit
652 2694 862 2743 laudatur
878 2699 903 2727 *
925 2697 1092 2745 Darius
1112 2698 1344 2746 Persarum
1365 2715 1446 2747 rex
1461 2699 1640 2745 &Gelo
1657 2696 1982 2760 Syracusarum

74 2746 166 2835 gfff
181 2749 277 2825 ff}
312 2773 542 2819 tyrannus.
576 2758 752 2805 Narrat
769 2761 819 2804 &
848 2758 1114 2806 Plutarchus
1147 2760 1366 2809 barbaros
1397 2760 1619 2823 quosdam
1655 2762 1731 2824 qui
1778 2761 1986 2807 humanis

72 2836 142 2879 sm
156 2815 247 2876 imm,
312 2820 504 2868 victimis
522 2819 638 2867 deos
652 2820 867 2868 colebant
885 2861 896 2877 ,
915 2838 1071 2885 poenas
1088 2823 1276 2871 daturos
1292 2824 1513 2871 Romanis
1531 2822 1682 2872 fuisse:
1700 2823 1776 2870 sed
1791 2839 1895 2869 cum
1905 2839 1987 2870 an-

78 2885 170 2917 vm.
311 2885 519 2945 tiquitate
537 2884 680 2930 moris
695 2883 741 2930 se
755 2884 1016 2931 excusarent
1035 2922 1047 2941 ,
1075 2885 1184 2932 nihil
1202 2887 1308 2933 mali
1320 2886 1490 2950 passos:
1526 2888 1696 2935 vetitos
1713 2899 1888 2934 tantum
1907 2901 1986 2932 ne-

74 2930 255 2978 P'“·q¹‘⁴st
267 2960 276 2971 ·
308 2946 417 3011 quid
434 2948 478 2993 in
529 2946 725 2993 osterum
736 2946 826 2993 tale
842 2947 1061 2994 facerent.

231 3007 241 3018 '
374 3010 423 3056 X
439 3009 479 3055 L
556 3010 575 3055 I
594 3010 613 3056 Ι
629 3009 668 3054 Ι.
705 3009 831 3070 Qid
849 3009 907 3056 de
925 3009 1010 3056 illis
1029 3011 1164 3056 armis
1182 3010 1384 3059 dicemus
1415 3029 1510 3074 quae
1537 3013 1786 3063 inferuntur
1804 3009 1984 3075 populis

306 3072 530 3134 aliquibus
541 3088 643 3118 cam
660 3071 724 3119 ob
737 3073 929 3127 causam,
948 3071 1077 3132 quod
1095 3071 1158 3118 illi
1179 3072 1477 3122 Christianam
1497 3077 1765 3141 religionem
1781 3073 1860 3121 fibi
1875 3088 1986 3135 pro-

307 3135 502 3197 positam
519 3135 729 3195 ample&
743 3135 901 3181 nolunt
919 3133 1067 3181 ?Non
1085 3136 1174 3192 jam
1191 3152 1383 3197 quaeram
1403 3154 1457 3184 an
1467 3138 1859 3202 talisproponatur
1868 3150 1985 3244 (qua-

308 3200 362 3245 lis
375 3198 512 3245 debet
532 3235 543 3252 ‚
564 3198 871 3259 &quomodo
888 3196 1037 3243 debet.
1077 3198 1253 3245 Demus
1283 3201 1344 3247 ita
1373 3200 1469 3248 lieri
1488 3201 1613 3249 :duo
1651 3196 1850 3247 notanda
1901 3197 1985 3243 ici-

307 3275 421 3308 mus.
442 3260 570 3307 Prius
587 3261 648 3307 est
667 3263 907 3307 veritatem
923 3259 1181 3308 Christianae
1198 3260 1426 3327 religionis
1444 3302 1455 3319 ‚
1473 3278 1690 3326 quatenus
1719 3261 1885 3308 scilicet
1902 3274 1984 3305 na-

307 3323 438 3372 turali
456 3340 508 3373 ac
522 3325 743 3386 primaevae
759 3323 966 3388 religioni
982 3339 1076 3371 non
1092 3339 1233 3386 pauca
1245 3323 1507 3388 superaddit
1525 3365 1540 3385 ,
1554 3325 1834 3392 argumentis
1850 3335 1982 3369 mere

1842 3398 1977 3435 natu-

75 1615 203 1671 Pegstd
212 1619 278 1654 ca-

68 1676 160 1709 μου.
