2380 3917
335 301 388 333 σο
718 293 1561 337 DEIVREBELLI

98 367 285 421 maflier-
334 360 378 406 in
396 362 539 423 ipsum
571 361 641 420 jus
659 359 914 422 imperandi
941 360 1115 423 populo
1143 362 1216 422 qui
1246 361 1288 408 se
1305 365 1445 428 elegit
1465 402 1477 420 ,
1497 362 1667 412 fructus
1690 375 1844 411 tamen
1875 363 2011 428 iplius

94 416 302 496 ‘mr‘ffg
337 423 431 470 sunt
449 425 630 487 proprii.
673 422 786 470 fi'c-ut
803 424 846 467 in
863 425 962 482 jure
975 425 1096 471 civili
1114 425 1175 472 est
1192 425 1429 489 proditum
1451 465 1462 483 ,
1483 426 1747 474 hereditatis
1763 444 1858 490 quae
1884 428 2010 475 resti-

95 474 313 547 {ssfssffiej
335 490 399 534 tui
416 488 520 548 jnss'a
533 486 594 532 est
612 485 779 531 fruetus
796 501 887 531 non
916 486 1087 533 restitui
1106 525 1118 543 ,
1139 490 1355 550 quianon
1373 488 1622 536 hereditati
1650 492 1824 552 accepti
1856 488 2010 538 ferun-

94 561 281 596 bellunum.
337 565 407 597 tur
427 590 437 606 ,
458 550 532 597 sed
550 551 628 594 rei.
665 548 857 594 Evcnire
873 564 989 613 ergo
1007 550 1155 618 potest
1172 566 1221 598 ut
1241 567 1321 598 rex
1355 556 1379 581 *
1405 553 1449 598 in
1463 551 1686 614 quosdam
1705 552 1904 615 populos
1919 556 2009 600 im-

336 616 511 676 perium
526 610 686 657 habeat
705 613 895 674 proprio
912 615 1029 673 jure3
1047 614 1109 660 ita
1125 630 1174 662 ut
1189 614 1379 661 alienare
1395 617 1533 661 etiam
1551 614 1703 678 possit.
1719 615 1888 662 Strabo
1907 615 2009 679 Cy-

93 674 168 711 Lib.
183 683 292 710 ‘'ffl-
337 678 465 723 thera
482 673 663 722 insulam
683 673 876 720 Taenaro
896 676 1187 736 objacentem
1217 675 1345 723 fuisse
1379 679 1442 724 ait
1476 678 1681 740 Euryclis
1714 677 2010 726 Lacedaemo-

100 762 116 791 ι
137 757 213 799 aeg.
228 763 309 792 111.
336 742 513 785 niorum
533 737 742 801 principis
755 737 796 778 (ἐν
811 738 911 792 μέρει
928 737 1081 786 κτήσεως
1097 735 1191 784 ἰδίοις
1199 742 1589 802 privatoipfiusjure.
1625 740 1700 788 Sic
1713 756 1795 788 rex
1806 739 2007 789 Solomo

332 803 426 865 regi
451 801 713 848 Phosnicum
744 799 951 848 Hiromo
983 805 998 860 (
1017 804 1082 849 ita
1113 804 1232 849 enim
1254 819 1360 849 enm
1391 804 1549 850 Graecc
1575 818 1713 851 vocat
1749 802 1883 850 Philo
1911 803 2006 865 By-

332 864 448 911 blius
465 865 537 927 qui
558 862 937 912 Sancliu11iat0nis
956 865 1185 913 historiam
1198 869 1336 913 vertit
1356 868 1372 926 )
1408 865 1538 912 dedit
1555 866 1689 914 urbes
1706 867 1865 930 viginti
1885 883 1896 914 :
1915 882 2009 914 non

98 948 114 975 1
134 941 187 972 Re.
212 940 307 981 1x‚6.
330 944 389 975 ex
407 927 590 974 urbibus
608 927 763 989 populi
782 925 967 974 Hebraei
988 944 998 975 ε
1018 945 1121 975 nam
1149 928 1301 975 Cabul
1335 929 1351 988 (
1370 928 1497 992 quod
1516 945 1685 976 nomen
1699 929 1784 976 illis
1814 928 2005 976 urbibus

93 988 174 1021 ¹5¹³·
197 995 251 1022 ¹²·
331 992 490 1038 datum
507 990 567 1037 est
585 992 599 1049 )
615 991 798 1053 ponitur
811 1006 942 1037 extra
957 990 1065 1038 fines
1079 991 1385 1039 Hebraeorum
1405 1030 1416 1049 ‚
1444 990 1532 1040 los.
1548 1008 1643 1040 xlx
1661 1030 1673 1049 ,
1691 1005 1772 1050 27.
1789 990 1865 1038 sed
1879 992 2008 1039 exiis

94 1037 277 1124 {ffsdx'4
331 1053 516 1102 urbibus
532 1070 642 1115 quas
658 1051 817 1116 populi
836 1053 1002 1101 deviasti
1021 1054 1169 1103 hostes
1201 1054 1505 1102 Hebraeorum
1532 1055 1592 1102 ad
1625 1071 1731 1102 eum
1757 1054 1882 1103 diem
1900 1055 2008 1102 reti-

192 1108 205 1125 ’
330 1131 520 1165 nuerant
542 1155 553 1171 ,
572 1116 769 1179 quasque
801 1118 964 1180 partim
981 1117 1084 1167 Rex
1099 1118 1285 1184 AEgypti
1312 1115 1579 1167 Solomonis
1596 1117 1723 1165 socer
1739 1120 1911 1166 vicerat
1926 1155 1938 1174 ‚
1958 1119 2009 1164 δε

328 1181 578 1229 Solomoni
593 1179 773 1226 dotales
791 1180 997 1238 dederat,
1016 1184 1187 1245 partim
1204 1181 1442 1247 subegerat
1457 1181 1547 1247 ipse
1559 1181 1771 1229 Solonio.
1802 1179 1929 1229 Nam
1946 1196 2007 1227 eo

327 1258 540 1307 tempore
557 1243 615 1290 ab
646 1241 854 1291 Israelitis
875 1260 967 1291 non
986 1245 1205 1292 habitatas
1224 1260 1496 1293 arctumento
1513 1246 1576 1294 est
1593 1285 1604 1302 ‚
1624 1243 1752 1307 quod
1767 1243 2008 1307 postquam

328 1308 557 1357 Hiromus
575 1321 649 1352 eas
667 1304 870 1354 reddidit
889 1343 900 1358 ‚
933 1322 1035 1354 tum
1063 1307 1249 1355 demum
1267 1285 1466 1355 §olomo
1483 1325 1541 1355 eo
1558 1308 1752 1354 deduxit
1782 1306 2008 1354 Hebraeo-

97 1380 282 1417 Dicam·
329 1388 431 1420 rum
448 1370 663 1416 colonias.
699 1369 774 1416 Sic
794 1370 818 1396 *
839 1369 1063 1419 Hercules
1079 1372 1248 1434 legitur
1264 1370 1435 1435 Spartae
1466 1369 1590 1418 bello
1609 1387 1661 1418 ca
1696 1386 1747 1418 tae
1763 1370 2008 1436 imperinm

326 1433 579 1497 Tyndareo
594 1430 763 1479 dedisse
783 1472 794 1490 ,
816 1435 900 1480 hac
916 1435 1019 1498 lege
1037 1473 1048 1492 ,
1079 1424 1174 1483 ntkfi
1193 1450 1307 1497 quos
1321 1433 1411 1498 ipse
1429 1433 1650 1482 Hercules
1664 1387 1838 1482 liberos
1870 1434 2005 1480 relin-

327 1511 503 1562 queret,
522 1498 574 1542 iis
588 1495 913 1544 restitueretur.
941 1498 1234 1562 Amphipolis
1252 1500 1298 1544 in
1317 1497 1480 1545 dotem
1496 1497 1603 1545 data
1615 1497 1853 1544 Acamanti
1870 1494 2007 1543 The-

329 1564 386 1609 iei
402 1560 509 1607 filio.
543 1560 603 1606 Et
620 1561 740 1622 apud
755 1560 1017 1608 Homerum
1052 1562 1373 1627 Agamemnon
1403 1561 1577 1625 septem
1600 1559 1735 1607 urbes
1765 1559 1810 1607 se
1839 1559 2007 1607 Achilli

326 1626 542 1672 daturum
560 1623 816 1687 pollicetur.
840 1624 866 1650 *
882 1625 1178 1687 Melampodi
1195 1638 1347 1688 partes
1361 1626 1489 1689 regni
1504 1624 1616 1673 duas
1629 1623 1759 1671 dono
1777 1622 1907 1669 dedit
1923 1622 2007 1670 r'ex

94 1702 164 1739 uh.
178 1712 213 1738 v.
328 1689 638 1750 Anaxagoras.
674 1686 751 1733 De
768 1687 916 1734 Dario
939 1687 997 1734 sic
1015 1687 1203 1735 Iustinus
1221 1703 1233 1736 :
1252 1696 1425 1749 Regnum
1437 1693 1682 1745 Artaxerxi,
1714 1696 1812 1752 Cyro
1827 1692 2007 1733 civitates

329 1770 497 1815 quarum
517 1755 706 1811 prasec'lus
723 1768 807 1797 erat
825 1756 1048 1810 testamento
1065 1757 1219 1813 legavit.
1256 1750 1333 1797 Sic
1350 1753 1374 1780 *
1395 1750 1642 1798 Alexandri
1675 1748 1940 1796 successores
1958 1749 2006 1794 in

327 1819 398 1875 jus
414 1812 525 1859 illud
540 1812 720 1876 plenum
744 1829 796 1860 ac
811 1816 1142 1877 proprietatem
1159 1812 1413 1874 imperandi
1431 1813 1612 1876 populis
1630 1852 1642 1870 ‚
1664 1814 1739 1874 qui
1761 1812 1787 1858 s
1784 1811 1846 1858 ub
1861 1810 2006 1860 Perfis

329 1877 524 1933 fuerant,
539 1891 624 1939 pro
643 1874 715 1922 sua
733 1878 917 1939 quisque
934 1893 1061 1942 parte
1078 1876 1320 1924 succeffiffe
1339 1915 1349 1933 ‚
1367 1891 1444 1924 aut
1463 1877 1602 1923 etiam
1618 1876 1696 1939 ipsi
1717 1874 1914 1923 viCtoriae
1930 1876 2005 1935 ju-

331 1956 381 1987 re
394 1939 441 1987 id
458 1939 698 2003 imperium
712 1939 791 1985 sibi
808 1939 1044 2002 quaesiviffe
1060 1939 1264 1987 censendi
1277 1939 1392 1987 sunt.
1407 1954 1547 2004 quare
1565 1954 1655 1985 non
1667 1937 1728 1985 est
1743 1936 2004 1984 mirandum

332 2005 363 2050 si
383 2000 601 2049 alienandi
619 2003 688 2060 jus
706 2001 781 2048 sibi
797 2019 1086 2068 arrogarunt.
1121 2002 1194 2050 Sic
1228 2020 1334 2050 cum
1369 2006 1394 2033 *
1431 2002 1608 2049 Attalus
1623 2016 1703 2048 rex
1723 2001 1934 2049 Eumenis
1951 2000 2004 2045 fi-

329 2067 413 2112 lius
430 2064 649 2129 populum
667 2064 934 2114 Romanuin
949 2066 1219 2113 testamento
1235 2066 1470 2113 bonorum
1496 2063 1679 2111 suorum
1695 2063 1914 2110 heredem
1932 2061 2005 2109 fe-

332 2128 470 2185 ciffet,
492 2127 684 2191 populus
701 2127 935 2176 Romanus
952 2128 1031 2176 sub
1047 2130 1282 2176 bonorum
1298 2130 1486 2176 nomine
1504 2128 1643 2175 etiam
1659 2142 1850 2190 regnum
1867 2141 2003 2173 com-

95 2195 236 2249 ΗΜΛ·
255 2202 310 2230 ¹¹·
332 2194 490 2258 plexus
507 2191 583 2237 est.
616 2189 776 2238 florus
793 2192 852 2238 de
868 2208 920 2239 ea
943 2208 992 2238 re
1017 2208 1029 2239 :
1059 2197 1190 2238 Adita
1207 2198 1328 2253 igitur
1345 2195 1568 2238 hereditate
1595 2196 1838 2252 provinciam
1845 2192 2004 2251 populus

95 2243 260 2323 kgtrssw.
334 2267 526 2302 Romanus
543 2291 552 2304 ‚
569 2271 642 2299 non
653 2258 806 2304 quidem
820 2259 908 2303 bello
921 2274 985 2301 nec
997 2261 1116 2300 armbs
1133 2292 1143 2307 ‚
1151 2258 1223 2314 sed
1237 2257 1341 2310 quod
1356 2257 1407 2312 est
1419 2259 1552 2317 aequius
1567 2258 1784 2300 testamenti
1793 2258 1888 2313 jure
1904 2258 2003 2297 reti-

97 2296 114 2333 5
146 2312 156 2323 ’
331 2323 458 2365 nebat.
497 2315 554 2362 Et
571 2308 725 2378 postea
742 2334 846 2364 cum
861 2318 887 2345 *
905 2315 1195 2366 Nicomedes
1212 2315 1430 2377 Bithynia:
1454 2331 1535 2362 rex
1567 2316 1763 2362 moriens
1780 2313 2002 2379 populum

332 2381 593 2428 Romanum
629 2377 798 2426 feciffet
822 2379 1043 2428 heredem
1064 2418 1075 2436 ‚
1095 2395 1284 2442 regnum
1316 2380 1360 2425 in
1386 2378 1626 2444 provinciae
1659 2375 1860 2423 formam
1890 2376 2000 2423 red-

331 2443 480 2490 atstum
498 2441 574 2489 est.
612 2441 785 2489 Cicero
803 2441 994 2490 secunda
1022 2445 1068 2489 in
1097 2441 1284 2488 Rullum
1302 2445 1586 2489 :hereditatem
1615 2447 1798 2487 crevimus
1815 2475 1826 2490 ,
1839 2458 1999 2501 regnum

329 2511 523 2571 Bithyna.
561 2505 637 2552 Sic
656 2505 809 2567 Libyae
828 2522 928 2569 pars
960 2509 984 2536 *
1023 2503 1277 2567 Cyrenaica
1290 2503 1438 2551 eidem
1468 2502 1638 2567 populo
1658 2502 1713 2550 ab
1730 2503 1907 2566 Apione
1924 2518 1999 2548 re·-

96 2583 178 2628 [pie.
193 2583 269 2615 Liv.
332 2587 390 2626 qe
407 2568 677 2615 testamento
694 2568 858 2615 relicta.
893 2569 1086 2616 Tacitus
1104 2606 1115 2623 ,
1138 2567 1376 2614 Annalium
1393 2581 1486 2614 x1v
1506 2604 1517 2621 ,
1534 2582 1748 2628 agrorum
1770 2566 1994 2621 meminit,

96 2638 155 2674 43·
332 2624 408 2694 oui
441 2635 563 2678 re‘ris
596 2635 620 2661 *
659 2632 849 2693 Apionis
880 2631 1116 2695 quondam
1133 2628 1290 2686 habiti,
1310 2631 1358 2676 &
1379 2628 1552 2694 populo
1571 2630 1783 2678 Romano
1801 2644 1905 2675 cum
1922 2644 1994 2674 re-

93 2704 171 2740 ῶν·
189 2697 305 2750 Μ’τόν-
331 2711 423 2759 gno
441 2710 487 2742 re
508 2695 596 2742 iCti.
621 2693 795 2741 Cicero
816 2694 876 2741 dc
891 2697 994 2760 lege
1011 2694 1226 2757 Agraria:
1246 2698 1343 2753 Qie
1356 2699 1509 2754 ignorat
1525 2710 1682 2753 regnum
1709 2697 1862 2759 AEgypti
1878 2693 1993 2748 testa-

93 2743 191 2824 {1:⁴th
194 2799 208 2825 1
217 2746 272 2826 ἵῖ
331 2778 455 2804 mento
480 2765 571 2822 regis
597 2761 885 2814 Alexandrini,
902 2761 1026 2820 populi
1045 2762 1208 2802 Romani
1223 2761 1471 2816 esse-fac'fum?
1486 2753 1808 2801 Mithridrates
1824 2753 1868 2799 in
1886 2767 1994 2800 ota-

145 2810 163 2825 *
264 2816 276 2827 ’
328 2823 454 2868 tione
470 2818 589 2883 apud
603 2818 816 2867 Iustinum
834 2820 893 2867 dc
916 2819 1223 2883 Paphlagonia
1246 2817 1462 2878 loquens:
1492 2826 1584 2878 Qe
1601 2838 1675 2864 non
1691 2822 1750 2870 vi,
1769 2834 1843 2861 non
1859 2821 1993 2866 armis,

318 2889 388 2943 sed
401 2890 598 2947 adoptione
617 2887 827 2942 testamenti
836 2889 946 2944 patri
957 2888 1027 2942 suo
1043 2885 1258 2942 obvcmffit·
1295 2879 1469 2927 Narrat
1486 2879 1609 2925 idem
1625 2879 1681 2926 ab
1699 2877 1869 2925 Orode
1883 2877 1995 2925 Par-.

325 2951 515 2995 thorum
542 2961 649 3008 rege
681 2945 759 2990 diu
786 2945 1045 2992 dubitatum
1065 2982 1076 3000 ,
1096 2957 1230 3005 quem
1248 2942 1445 2989 filiorum
1463 2941 1641 2988 suorum
1659 2940 1755 3005 post
1774 2939 1818 2986 se
1837 2955 1994 3005 regem

93 3027 272 3061 Sari-bom.
327 3012 585 3058 destinaret.
636 3008 693 3054 Et
720 3006 913 3054 Polemo
945 3008 1283 3054 Tibarcnorum
1311 3005 1545 3066 adsitaeque
1579 3006 1779 3069 regionis
1813 3002 1994 3064 dynasta

93 3084 174 3139 {1¹¹-
326 3091 522 3121 uxorem
555 3070 734 3132 reliquit
766 3072 941 3132 imperii
961 3069 1182 3116 haeredem
1203 3083 1215 3116 ;
1246 3067 1374 3130 quod
1391 3070 1438 3114 &
1456 3069 1500 3113 in
1516 3066 1654 3115 Caria
1690 3067 1804 3112 olim
1822 3065 1994 3113 fecerat

91 3122 208 3201 {³¹5⁹
329 3136 564 3185 Mausolus
582 3133 746 3180 fratres
763 3133 929 3180 habens
943 3131 1203 3195 superstites.

151 3185 157 3199 ¹
193 3193 201 3200 ⁸
388 3200 438 3247 X
454 3201 471 3245 l
489 3201 505 3246 1
526 3200 556 3245 1.
601 3199 659 3243 At
679 3198 724 3241 in
755 3197 903 3257 regnis
921 3213 1015 3258 quae
1032 3193 1186 3258 populi
1216 3196 1450 3240 voluntate
1467 3193 1616 3240 delata
1634 3192 1727 3238 sunt
1748 3231 1758 3243 ,
1778 3187 1991 3237 concedo

94 3279 163 3309 [ψ.
184 3289 220 3313 ιι
324 3262 349 3288 ”¹
386 3279 473 3308 non
500 3263 583 3308 effe
599 3257 954 3369 Ktaeliunendum
974 3273 1075 3304 eam
1093 3255 1218 3302 fuisse
1234 3257 1389 3320 populi
1407 3259 1703 3309 voluntatem,
1720 3269 1768 3300 ut
1783 3252 1993 3298 alienatio

95 3327 183 3360 12⁵*-
203 3341 231 3362 τ-
249 3336 283 3371 4-
326 3326 499 3388 imperii
519 3325 579 3371 sui
643 3324 713 3388 egi
730 3324 1087 3385 permitteretur.
1108 3321 1262 3381 Qre
1279 3320 1407 3383 quod
1424 3317 1673 3368 Crantzius
1706 3330 1754 3362 ut
1779 3329 1877 3361 rem
1903 3329 1993 3359 no-

1885 3390 1990 3422 vam

92 2922 275 2958 Lih.x111.
