2475 3854
765 267 1720 315 ACPACIS‚1.18.11.
1996 272 2069 317 187

422 334 523 393 buS,
536 335 566 365 '¹‘
581 351 635 383 an
646 349 700 382 ne
735 350 788 382 os
805 349 863 381 ex
875 335 966 382 filio
983 336 1136 400 priore
1153 374 1165 391 ,
1196 335 1290 381 filio
1316 337 1550 400 posteriori
1563 337 1612 384 {it
1629 336 1943 402 praefercndus.
1977 337 2068 385 Sed
2089 346 2161 381 Hor,
2179 347 2286 393 tu.q.3

422 398 514 445 hoc
530 400 574 445 in
587 400 705 446 linea
723 399 737 442 i
754 395 1021 444 successione
1038 396 1350 444 difficultatem
1370 400 1534 446 nullam
1551 401 1710 449 habet:
1733 401 1794 447 ibi
1812 404 1927 447 enim
1948 418 2071 447 mor-
2091 395 2193 438 ⁷³⁶4
2207 397 2246 426 ‘1³
2289 398 2298 409 “

423 462 489 507 tui
502 476 586 524 pro
606 461 718 507 vivis
735 458 1006 507 habenturiu
1023 460 1127 515 hoc,
1146 476 1196 506 ut
1214 461 1258 505 in
1273 459 1438 507 liberos
1456 463 1767 510 transsnitrant:
1786 481 1921 526 quare
1938 465 1979 508 in
1996 464 2071 509 tali
2089 449 2304 520 ffi'ssffsto‘

423 522 692 570 successione
709 521 796 568 fine
812 522 905 568 ullo
923 524 1062 570 aetatis
1088 521 1284 585 respechi
1298 522 1556 587 praeferetur
1572 525 1682 572 filius
1700 563 1711 580 ,
1732 527 1826 571 imo
1844 528 1884 571 in
1902 541 2073 587 cogna-
2085 537 2208 577 prinas.
2225 544 2237 569 1
2252 544 2261 568 ι
2274 543 2306 569 ι.

427 587 527 633 ticis
543 587 691 649 regnis
707 585 753 630 &
768 583 870 640 filia,
882 586 1030 647 primo
1048 586 1138 631 nati
1159 601 1168 631 :
1191 586 1292 647 quia
1310 601 1391 631 nec
1405 601 1504 633 aetas
1520 604 1598 633 nec
1618 588 1745 634 sexus
1779 588 1973 634 efficiunt
1996 627 2004 644 ,
2022 602 2071 632 ut
2088 592 2115 614 ⁶·
2130 582 2167 615 ⁶·

423 646 652 695 deseratur
665 645 792 694 linea.
806 646 867 693 At
884 649 926 693 in
947 648 1227 694 hereditariis
1243 647 1435 694 dividuis
1458 664 1724 696 concurrent
1737 650 1790 696 ad
1805 664 1952 696 narres
1970 687 1979 700 ‚
1999 649 2075 694 nisi

422 711 471 757 in
486 709 572 756 istis
589 709 850 773 regionibus
861 709 936 756 ubi
952 708 1117 756 subitio
1134 710 1178 755 in
1194 709 1345 756 locum
1377 726 1468 756 non
1487 712 1749 759 observatur
1771 751 1782 769 ‚
1802 680 1891 758 gut
1908 711 2017 757 olim
2031 712 2075 756 in

423 773 667 820 Germania
679 771 798 831 apud
815 772 1009 834 populos
1025 771 1271 836 plerosque.
1303 771 1401 818 sero
1419 774 1534 819 enim
1568 789 1754 835 nepotes
1786 773 1960 819 admissi
1981 772 2074 818 sunt

423 850 530 882 cum
548 834 646 880 filiis
663 833 720 879 ad
737 834 1054 880 hereditatem.
1086 834 1148 880 At
1175 836 1217 879 in
1235 833 1375 880 dubio
1392 834 1582 880 credend
1591 854 1665 883 um
1683 839 1832 899 potius
1851 836 2073 882 estlocum
2093 841 2236 875 Wtrich.

424 897 512 945 effe
525 897 697 944 vicariae
714 896 778 943 isti
792 894 1051 944 successioni
1074 934 1085 952 ,
1105 898 1210 958 quia
1236 911 1394 942 natura
1410 897 1452 942 ei
1469 893 1592 944 favet
1611 936 1621 952 ‚
1643 914 1692 944 ut
1720 898 1844 960 supra
1862 898 2073 944 diximus.
2091 889 2309 969 {J{·h¹¹'fi·¹¹·

426 959 572 1022 Qod
590 959 619 1005 si
636 973 788 1021 aperte
819 961 915 1019 jure
942 960 1060 1008 civili
1087 960 1286 1022 regionis
1315 958 1569 1006 inrrodudhz
1602 961 1653 1006 sit
1683 959 1842 1007 subitio
1857 962 1900 1006 iu
1924 961 2074 1007 locum
2096 949 2306 1030 prfss’ffii„

423 1022 598 1070 mortui
614 1023 807 1085 parentis
827 1059 840 1077 ‚
869 1022 1022 1067 locum
1060 1021 1242 1068 habebit
1267 1023 1405 1067 etiam
1421 1020 1449 1067 fi
1466 1023 1510 1066 in
1527 1022 1782 1085 aliqualege
1794 1024 1991 1084 proximi
2007 1023 2083 1071 fiat
2101 1043 2131 1064 c·
2144 1031 2180 1066 8-

425 1086 617 1137 mentio.
655 1082 873 1130 Rationes
889 1099 983 1147 quae
996 1082 1238 1147 exlegibus
1256 1083 1476 1130 Romanis
1493 1083 1757 1130 adferuntur
1782 1086 1839 1131 ad
1855 1087 1965 1131 hanc
1982 1101 2079 1133 rem

425 1150 574 1194 minus
591 1146 725 1193 firmae
740 1145 865 1194 sunt:
888 1146 1013 1209 quod
1031 1145 1270 1210 apparebit
1296 1146 1418 1211 leges
1448 1145 1560 1207 ipsas
1586 1148 1847 1209 inspicienti.
1879 1147 1971 1193 Sed,
1988 1149 2080 1194 haec

425 1210 546 1257 ratio
560 1209 736 1271 optima
752 1207 813 1256 est
833 1246 845 1264 ‚
864 1209 993 1272 quod
1008 1209 1053 1255 in
1072 1209 1258 1255 materia
1283 1206 1523 1256 favorabili
1555 1207 1804 1256 distionum
1822 1210 2082 1274 significatio

422 1270 706 1319 extendenda
719 1270 780 1318 est
790 1271 848 1318 ad
864 1287 1049 1318 omnem
1064 1273 1406 1335 proprietatem,
1425 1286 1517 1316 non
1534 1273 1765 1334 vulgarem
1784 1286 1956 1318 tantum
1977 1310 1987 1328 ‚
2006 1272 2082 1318 sed

425 1336 476 1396 §c
491 1334 783 1390 artificialem,
801 1335 864 1380 ita
874 1349 925 1380 ut
936 1332 1016 1380 snb
1032 1336 1213 1381 nornine
1227 1334 1421 1380 filiorum
1441 1335 1887 1396 comprehendantur
1902 1334 2084 1393 adopti-

424 1397 486 1451 vi,
509 1398 557 1442 δε
573 1396 652 1446 sub
666 1397 850 1444 nomine
862 1398 1024 1442 mortis
1036 1412 1161 1443 mors
1176 1397 1319 1444 civilis
1336 1435 1348 1453 ,
1368 1398 1469 1460 quia
1487 1396 1679 1459 legesita
1695 1397 1816 1459 loqui
1836 1395 2080 1443 consueve-

424 1473 547 1506 runt,
573 1460 730 1522 Qire
760 1460 930 1508 merito
961 1460 1163 1529 proximi
1190 1461 1372 1506 nomine
1401 1461 1549 1506 veniet
1573 1461 1610 1506 is
1627 1475 1760 1522 quem
1777 1459 1848 1505 lex
1866 1461 1908 1503 in
1924 1460 2080 1520 proxi-

424 1537 551 1567 mum
568 1522 761 1585 gradum
786 1521 1012 1584 perduc1t.
1048 1521 1096 1568 In
1130 1524 1278 1585 regnis
1295 1538 1408 1568 vero
1439 1521 1985 1577 hereditariisindividuis,
2004 1521 2078 1567 ubi

424 1582 590 1631 subitio
607 1585 823 1631 inlocum
836 1582 1011 1631 exclusa
1024 1599 1114 1630 non
1132 1585 1207 1641 est,
1224 1601 1368 1647 neque
1386 1584 1557 1646 semper
1574 1600 1726 1648 nepos,
1747 1598 1889 1646 neque
1909 1584 2081 1646 semper

425 1646 539 1693 filius
557 1645 751 1694 secundo
766 1649 944 1710 genitus
961 1645 1258 1708 praeferuntur
1282 1686 1293 1704 ‚
1324 1647 1400 1693 sed
1417 1651 1591 1694 utinter
1608 1662 1734 1709 pares
1757 1686 1767 1702 ,
1794 1649 1955 1708 quippe
1973 1647 2081 1706 juris

423 1707 583 1756 effe&u
601 1708 752 1772 quoad
771 1709 938 1773 gradus
954 1707 1224 1771 adaequatos,
1242 1711 1400 1773 potior
1425 1712 1510 1757 erit
1541 1712 1576 1757 is
1604 1712 1676 1772 qui
1695 1723 1822 1757 πῖπτε
1840 1708 2078 1771 ρῑκεεάἰῑε

425 1773 593 1819 namin
609 1774 748 1820 aetatis
760 1772 1043 1836 privilegium
1062 1787 1152 1817 non
1171 1771 1343 1819 succedi
1359 1774 1402 1818 in
1420 1775 1565 1836 regnis
1595 1772 1851 1818 hereditatis
1870 1770 1995 1834 supra
2013 1770 2083 1816 di-

424 1835 590 1883 ximus.
627 1834 667 1881 A
702 1834 763 1881 ud
797 1833 1068 1882 Corinthios
1099 1834 1364 1883 succedebat
1400 1830 1686 1887 &areo-Cdsffi&
1701 1834 1757 1875 ἀὲ
1774 1835 1842 1880 viv
1856 1834 2008 1886 ὠκρρνων
2024 1847 2081 1878 ex

426 1895 579 1944 liberis
596 1897 654 1943 de
678 1897 795 1943 unffi
809 1898 926 1960 regis
942 1898 977 1943 is
999 1898 1077 1959 qui
1090 1911 1195 1944 natu
1211 1898 1315 1945 effer
1332 1901 1571 1947 maximus
1593 1912 1641 1943 ut
1660 1913 1717 1943 cx
1735 1895 1938 1944 Diodori
1955 1894 2082 1941 Sicu-2
2097 1899 2218 1941 Procop.
2236 1893 2308 1934 heu,

424 1959 456 2006 li
477 1958 592 2005 libro
613 1959 742 2007 sexto
760 1959 984 2023 exscripsit
1001 1960 1228 2024 Georgius
1243 1960 1512 2007 Monachus.
1546 1960 1618 2006 Sic
1636 1961 1683 2003 8:
1700 1959 1819 2022 apud
1838 1958 2077 2016 Vandalos,
2097 1949 2150 1978 Μ·
2163 1946 2187 1978 ¹·
2209 1952 2222 1977 ¹
2234 1951 2285 1978 ¹¹·

424 2037 561 2069 cauto
579 2037 630 2069 ut
645 2024 774 2070 heres
791 2022 898 2069 effer
913 2024 989 2085 qui
1008 2022 1219 2085 sanguine
1251 2024 1487 2083 proximus
1519 2024 1567 2068 &
1598 2023 1819 2068 maximus
1849 2020 1952 2067 effer
1976 2036 2080 2065 natu

423 2084 451 2112 *
487 2086 692 2147 praelatus
706 2086 819 2133 filius
844 2084 1057 2133 secundus
1073 2100 1177 2131 natu
1193 2086 1346 2143 major
1371 2084 1447 2132 filii
1478 2086 1611 2147 primi
1637 2084 1747 2131 filio.
1781 2082 1852 2130 Sic
1872 2085 1915 2129 in
1930 2082 2079 2129 Sicilia
2096 2090 2182 2140 Conr-
2198 2088 2286 2140 Vice-

423 2146 657 2195 Robertus
672 2149 874 2212 praelatus
887 2146 948 2194 est
959 2147 1164 2194 Martelli
1192 2147 1343 2194 fratris
1362 2150 1545 2201 maioris
1562 2149 1653 2194 filio
1673 2186 1683 2203 ,
1701 2163 1790 2192 non
1817 2161 1868 2191 ea
1898 2146 2078 2207 proprie
2093 2146 2159 2213 ἕξ
2171 2144 2253 2215 ἵζ’ῗῐ

424 2212 600 2258 ratione
616 2227 750 2273 quam
768 2210 1047 2275 excogitavit
1062 2210 1296 2264 Bartolus,
1316 2211 1440 2272 quod
1457 2209 1644 2257 feudum
1673 2209 1777 2255 effer
1806 2207 1953 2254 Sicilia
1972 2245 1982 2262 ‚
2003 2205 2076 2275 led
2164 2205 2170 2213 “
2250 2203 2274 2272 .-

424 2272 554 2335 quod
570 2288 759 2337 regnum
774 2274 881 2321 effer
897 2272 1237 2321 hereditarium.
1258 2274 1397 2320 Extat
1415 2273 1564 2319 similis
1596 2271 1871 2318 successionis
1891 2285 2014 2315 vetus
2032 2285 2079 2313 in
2095 2269 2219 2310 ΛΡΜ·
2231 2265 2289 2347 gb·

424 2334 699 2382 Francorum
713 2351 856 2400 regno
874 2335 1133 2399 exemplum
1159 2337 1204 2381 in
1222 2337 1460 2382 Guntrano
1475 2374 1487 2391 ‚
1522 2334 1596 2380 sed
1614 2333 1658 2379 id
1691 2350 1745 2379 ex
1760 2331 1973 2379 eleftione
1990 2346 2077 2390 pc-
2100 2321 2113 2346 ¹
2126 2321 2178 2346 ¹¹¹
2194 2324 2221 2347 ‘⁴
2259 2321 2292 2351 ²⁸

425 2399 518 2444 tius
545 2398 698 2460 populi
727 2401 923 2462 contigit
943 2438 954 2455 ‚
991 2414 1086 2460 quae
1117 2413 1174 2444 eo
1208 2412 1418 2459 tempore
1433 2397 1632 2446 nondum
1647 2396 1771 2456 plane
1784 2394 1981 2439 deflerat.
2014 2391 2077 2436 At

425 2458 661 2522 postquam
679 2461 765 2511 fine
779 2462 867 2511 ulla
883 2461 1104 2509 elestioue
1119 2461 1282 2506 linealis
1291 2462 1490 2523 agnatica
1505 2458 1713 2505 succeslio
1741 2451 2074 2503 introdustaeih

424 2536 497 2574 res
514 2537 636 2569 caret
647 2524 953 2572 controverfia
971 2562 981 2577 ,
1002 2537 1052 2570 ut
1068 2523 1179 2569 olim
1198 2522 1316 2585 apud
1327 2521 1606 2583 Spartanos,
1640 2519 1716 2565 ubi
1735 2518 1791 2563 ad
1811 2514 2072 2562 Heraclidas

425 2584 734 2645 regnodelato
756 2586 914 2636 fimilis
931 2586 1097 2633 exstitit
1124 2584 1336 2632 successio
1364 2584 1528 2629 linealis
1554 2583 1767 2644 agnatica.
1802 2578 1913 2623 Ideo
1932 2578 2072 2624 Areus
2089 2576 2265 2655 ξ’]’ζ-Ιῑςῖε·

425 2660 486 2691 ex
502 2644 828 2707 fratremajore
858 2646 1123 2710 Cleonymo
1150 2661 1278 2693 natus
1306 2661 1468 2708 patruo
1499 2645 1575 2690 suo
1610 2643 1866 2701 Cleonymo
1882 2655 2069 2701 antepo-
2097 2628 2219 2703 ‚fils-‘³¹
2235 2636 2280 2658 θ’·

427 2707 533 2754 fitus
551 2708 625 2759 est.
658 2708 750 2756 Sed
767 2713 815 2756 δε
829 2711 874 2756 in
901 2712 1138 2766 coenatica
1162 2708 1309 2755 lineali
1340 2706 1606 2754 succeffione
1633 2703 1889 2767 praeferetur
1902 2718 2042 2761 nepos
2058 2717 2072 2749 ;
2089 2716 2175 2761 Paufi
2198 2726 2238 2753 u
2253 2723 2283 2753 ι,

427 2783 477 2815 ut
507 2772 553 2816 in
581 2770 741 2835 Anglia
772 2772 796 2805 ²¹⁵
832 2764 1017 2820 loannes
1048 2769 1247 2819 Eduardi
1277 2785 1416 2832 nepos
1450 2785 1506 2814 ex
1541 2767 1842 2827 primogenito
1873 2764 2072 2821 ejusdem

426 2831 628 2879 Eduardi
661 2835 758 2881 filiis
781 2833 983 2883 Hemoni
1016 2837 1065 2882 &
1095 2832 1310 2881 Thomae:
1339 2831 1463 2893 quod
1479 2832 1585 2876 &in
1607 2827 1805 2875 Castellae
1823 2841 1960 2890 regno
1973 2824 2073 2888 lege

423 2908 610 2941 cautum
628 2896 702 2944 est.

495 2956 546 3003 X
561 2957 609 3004 X
628 2957 676 3004 X
694 2958 727 3005 I.
764 2958 868 3007 Pari
886 2958 1161 3005 distinstione
1189 2952 1545 3017 respondendum
1562 2953 1622 2998 est
1635 2952 1692 2999 ad
1710 2951 1990 3011 quaestionem
2006 2949 2074 2994 in-

427 3033 500 3067 ter
518 3017 706 3065 fratrem
721 3019 993 3082 superstitem
1023 3021 1169 3066 ultimi
1196 3019 1311 3081 regis
1328 3051 1337 3065 ,
1355 3017 1402 3060 &
1431 3014 1578 3061 fratris
1597 3015 1782 3072 majoris
1795 3014 1932 3079 filium
1952 3049 1962 3067 ‚
1997 3010 2075 3055 nifi

428 3078 556 3142 quod
577 3079 799 3128 sciendum
821 3083 882 3129 est
898 3084 1053 3129 multis
1068 3082 1231 3129 iulocis
1248 3082 1359 3124 inter
1373 3076 1540 3122 liberos
1568 3075 1880 3122 succeffionem
1905 3090 1948 3117 in
1967 3087 2076 3136 gra-

427 3144 543 3190 dum
558 3146 726 3191 mortui
745 3144 831 3191 effe
846 3160 1071 3206 receptam
1093 3182 1103 3198 ,
1122 3143 1197 3189 ubi
1213 3153 1391 3201 recepta
1406 3154 1497 3185 non
1513 3138 1562 3184 fit
1579 3141 1624 3185 in
1641 3138 1781 3183 limite
1809 3132 2074 3183 transverso.

428 3203 522 3251 Sed
538 3203 611 3249 ubi
632 3207 700 3263 jus
709 3222 801 3254 non
816 3206 876 3252 est
894 3205 1173 3252 manifestum
1192 3242 1203 3260 ‚
1219 3207 1243 3232 *
1261 3203 1304 3247 in
1320 3213 1491 3263 partem
1510 3216 1609 3247 eam
1628 3216 1721 3261 quae
1738 3198 1900 3244 liberos
1913 3210 2075 3257 paren-

433 3266 552 3313 tibus
572 3264 772 3332 surrogat
793 3305 806 3325 ‚
833 3269 983 3331 potius
1012 3266 1307 3314 inclinandum
1338 3262 1399 3311 cst
1418 3299 1428 3316 ,
1462 3264 1568 3325 quia
1582 3276 1730 3309 conos
1749 3260 1870 3307 ducit
1892 3257 2076 3320 aequitas

1953 3332 2082 3366 natu-2
