2475 3854
794 270 1695 314 sicencxs,111³.1.
1998 281 2048 321 29

386 328 532 399 ipsum
559 333 673 382 illud
689 332 802 396 legis
827 331 1066 380 Hebraicae
1095 332 1266 379 dielum
1300 335 1651 382 confideremus.
1706 335 2053 396 I’raecipiebatur

387 397 596 448 Hebraeis
611 413 660 444 ut
671 396 933 460 proximum
951 394 1189 453 diligerent
1204 434 1216 452 ,
1235 401 1258 425 *
1272 396 1517 443 Hebraeum
1536 398 1702 449 scilicet
1723 398 1810 444 :ita
1827 402 1948 445 enim
1966 418 2053 448 vo-

389 477 492 508 cem
515 461 717 522 proximi
747 458 811 504 ibi
844 456 957 504 sumi
993 444 1186 504 ostendit
1219 457 1366 507 Levit.
1398 476 1492 506 :ux
1510 499 1521 517 ,
1540 477 1725 507 comma
1747 475 1820 517 17,
1838 462 2052 510 collatum

388 539 496 570 cum
512 537 745 569 commate
763 519 836 568 18.
870 520 932 566 At
948 535 1039 567 non
1056 536 1115 567 eo
1144 522 1291 568 minus
1306 523 1575 583 imperatum
1593 538 1691 570 erat
1722 524 2055 589 magistratibus

391 585 606 634 occidere
637 582 892 630 homicidas
911 621 924 639 ,
954 584 1003 628 δε
1020 583 1132 630 alios
1149 587 1350 631 oraviter
1370 584 1518 632 sontes
1536 602 1656 634 :non
1672 602 1730 632 eo
1747 591 1895 635 minus
1912 591 2057 637 tribus

390 648 604 695 undecim
622 648 686 693 ob
706 646 921 693 delictum
939 660 1074 692 atrox
1098 622 1214 707 jufio
1234 647 1356 694 bello
1429 646 1606 696 rsecutae
1623 647 1905 701 sunttribum
1935 653 2055 699 Ben-

391 712 647 772 jamincam
667 748 678 767 ,
698 709 799 756 Iud.
816 724 927 754 xx1.
947 724 1039 755 non
1055 725 1114 755 eo
1133 711 1282 755 minus
1299 726 1373 756 ree
1395 727 1419 756 e
1436 711 1593 758 David
1610 712 1687 773 qui
1703 715 1849 775 praelia
1862 716 2054 762 Domini

391 773 676 839 praeliabatur
694 810 705 829 ,
722 787 910 834 regnum
928 770 1007 818 fibi
1027 773 1295 836 promifl'um
1315 773 1372 819 ab
1391 773 1600 821 Isboseto
1617 777 1756 821 armis
1771 780 1949 841 repetit.
1986 774 2056 825 Sit

394 852 509 901 ergo
529 850 645 882 nunc
664 835 872 897 porrecta
891 834 1022 880 latius
1041 837 1243 898 proximi
1263 835 1291 881 fi
1329 837 1525 882 nificatio
1546 837 1606 885 ad
1622 838 1829 886 homines
1874 840 2024 887 uosvis
2040 857 2057 888 2

394 915 553 947 omnes
568 899 687 944 enim
705 898 748 943 in
764 911 1057 943 communem
1074 899 1266 962 gratiam
1284 852 1380 945 [gsiut
1394 914 1497 945 rece
1529 903 1565 947 ti-
1582 916 1593 947 :
1611 900 1716 947 nulli
1764 917 1852 965 opu
1876 905 1886 948 i
1904 906 1930 950 ὲ
1947 904 2056 950 Deo

394 963 554 1009 devoti
572 979 583 1009 ;
601 959 753 1007 licebit
768 973 920 1006 tamen
933 960 979 1005 in
996 976 1156 1008 omnes
1182 961 1308 1024 quod
1321 976 1427 1009 tunc
1443 963 1488 1008 in
1525 963 1719 1010 stabilitas
1731 918 1872 1022 licuit,
1891 968 1967 1027 qui
1986 966 2058 1013 di-

393 1026 474 1090 ligi
491 1039 615 1087 aeque
637 1038 744 1070 tunc
757 1022 1029 1082 jubebantur
1046 1063 1057 1081 ,
1075 1039 1126 1071 ut
1150 1039 1267 1070 nunc
1293 1026 1437 1088 quivis
1454 1027 1678 1073 homines.
1714 1028 1857 1090 Qod
1877 1029 1906 1075 fi
1919 1032 2059 1077 etiam

394 1087 508 1137 velis
521 1090 566 1134 in
580 1086 853 1150 Euangelica
869 1087 970 1151 lege
986 1091 1212 1148 majorem
1227 1087 1481 1134 dilectionis
1496 1089 1690 1153 gradum
1704 1089 1932 1152 imperari,
1946 1108 2060 1139 con-

395 1150 584 1200 cedatur
601 1151 648 1194 δέ
663 1151 755 1196 hoc
768 1186 780 1205 ,
806 1148 921 1196 dum
944 1150 1056 1196 illud
1082 1166 1265 1213 quoque
1281 1150 1456 1198 constet
1475 1190 1487 1209 ,
1505 1157 1530 1184 ²*
1550 1168 1639 1199 non
1657 1167 1815 1199 omnes
1831 1157 2059 1215 aequaliter

396 1212 653 1281 diligendos
673 1250 684 1268 ,
704 1211 780 1259 sed
797 1213 943 1278 magis
960 1227 1135 1277 patrem
1149 1252 1162 1271 ,
1184 1230 1321 1276 quam
1336 1228 1618 1262 extraneum.
1647 1213 1725 1261 Sic
1738 1216 1875 1262 etiam
1886 1219 2061 1267 bonum

397 1276 647 1329 innocentis
662 1274 791 1322 bono
807 1278 1028 1332 nocentis,
1045 1276 1218 1323 bonum
1236 1292 1479 1325 commune
1496 1280 1677 1341 privato
1694 1279 2060 1327 antehabendum

399 1339 617 1389 ordinatae
646 1337 897 1385 dilectionis
927 1339 1046 1404 lege.
1072 1341 1155 1387 ‘Ex
1172 1340 1418 1387 dileetione
1450 1355 1603 1388 autem
1630 1343 1939 1389 innocentium
1956 1357 2062 1394 nata

400 1405 498 1454 sunt
515 1401 749 1463 &judicia
764 1400 969 1464 capitalia
987 1404 1035 1449 &
1053 1405 1126 1466 pia
1143 1403 1277 1450 bella.
1308 1402 1426 1451 Vide
1442 1403 1705 1452 sententiam
1723 1405 1950 1451 moralem
1966 1421 2063 1468 quae

399 1467 542 1516 exstat
562 1465 707 1514 Prov.
723 1481 866 1520 mciv,
892 1479 963 1511 11.
998 1466 1185 1514 Debent
1217 1481 1331 1531 ergo
1370 1465 1537 1513 Christi
1568 1481 1788 1530 praecepta
1805 1468 1864 1514 de
1882 1467 2063 1532 singulis

402 1527 644 1595 diligendis
673 1543 810 1589 atque
838 1525 1108 1587 adjuvandis
1138 1530 1201 1576 ita
1218 1530 1395 1593 impleri
1414 1568 1426 1587 ,
1447 1529 1523 1576 nisi
1540 1531 1692 1591 major
1709 1544 1760 1576 ac
1776 1531 1933 1591 justior
1950 1531 2064 1577 dile-

402 1594 495 1641 &io
514 1592 750 1657 impediat.
786 1589 977 1638 Notum
995 1591 1055 1638 est
1073 1591 1241 1639 dietum
1260 1607 1391 1640 vetus
1411 1602 1533 1639 :Tam
1549 1597 1722 1640 omnibus
1736 1599 1913 1655 ignojiere
1928 1598 2062 1640 crude-

403 1662 496 1704 litas
509 1659 683 1724 estquam
701 1659 813 1700 nulli.
843 1653 978 1699 Adde
995 1655 1121 1717 quod
1139 1656 1350 1702 inimicos
1368 1654 1555 1718 diligere
1573 1654 1783 1715 jubemur
1799 1657 1890 1704 Dei
1908 1671 2066 1703 exem-

403 1719 484 1785 plo
509 1733 584 1781 qui
601 1714 734 1764 malis
751 1713 912 1763 Solem
925 1718 1052 1764 suum
1071 1719 1182 1764 oriri
1201 1717 1323 1765 facit.
1358 1718 1420 1764 At
1437 1718 1560 1764 idem
1576 1720 1703 1767 Deus
1721 1719 1779 1766 de
1796 1719 2063 1781 quibusdam

405 1781 557 1837 malis,
574 1783 622 1826 &
636 1781 681 1824 in
697 1780 781 1825 hac
799 1781 892 1826 vita
909 1796 1061 1843 poenas
1078 1779 1210 1827 sumit
1230 1819 1242 1836 ,
1264 1782 1312 1826 ὃς
1328 1780 1438 1826 olim
1457 1781 1597 1827 sumet
1623 1781 1918 1844 gravissimas.
2004 1797 2063 1827 uo

404 1857 676 1908 argumento
693 1840 822 1888 fimul
838 1840 1072 1889 solvuntur
1087 1859 1140 1889 ea
1154 1861 1247 1906 quae
1263 1843 1321 1888 de
1337 1845 1521 1891 lenitate
1550 1841 1812 1892 Christianis
1845 1860 2064 1908 praecepta

407 1908 469 1955 ad
485 1909 599 1953 hanc
617 1920 715 1951 rem
732 1902 902 1951 adferri
914 1904 1070 1952 solent.
1104 1905 1236 1953 Nam
1253 1906 1383 1952 Deus
1400 1906 1509 1954 lenis
1530 1943 1541 1957 ,
1558 1906 1812 1955 misericors
1832 1947 1843 1965 ,
1863 1907 2068 1972 longani-

408 1971 499 2018 mis
517 1967 766 2033 appellatur
793 1967 913 2014 lonae
933 1984 993 2017 ιν
1014 2007 1026 2026 ,
1055 1980 1104 2015 2.
1122 1969 1277 2015 Exod.
1292 1984 1465 2026 xxxrv,
1488 1970 1533 2015 6.
1561 1969 1624 2016 At
1640 1973 1665 2000 *
1685 1968 1884 2030 ejusdem
1900 1971 1943 2016 in
1961 1986 2075 2018 con-

406 2047 612 2080 tumaces
628 2032 743 2077 iram
759 2069 770 2088 ,
785 2030 877 2077 hoc
893 2030 955 2078 est
970 2031 1181 2096 puniendi
1198 2031 1482 2081 voluntatem
1499 2031 1656 2095 paffim
1673 2031 1926 2081 describunt
1945 2032 2072 2080 sacrae

406 2094 547 2142 literae
565 2132 578 2152 ,
597 2091 745 2140 Num.
763 2109 873 2151 xiv,
897 2093 972 2143 18.
1003 2094 1147 2143 Rom.
1169 2111 1192 2142 1
1205 2111 1245 2152 1,
1261 2093 1305 2143 8.
1339 2094 1397 2142 Et
1414 2095 1547 2155 hujus
1563 2095 1634 2142 irie
1650 2096 1844 2143 minister
1858 2097 2068 2143 constitu-

406 2172 483 2207 tus
497 2157 559 2205 est
576 2156 857 2222 magistratus
876 2195 890 2214 ‚
909 2157 1050 2210 Rom.
1067 2173 1125 2204 x1
1136 2173 1157 2203 1
1169 2174 1209 2214 1,
1227 2170 1274 2221 4.
1289 2157 1449 2204 Moses
1464 2159 1520 2203 ab
1536 2159 1700 2205 eximia
1715 2159 1894 2206 lenitate
1909 2158 2069 2223 praedi-

407 2235 537 2268 catur
555 2237 567 2269 :
586 2221 646 2268 At
664 2220 790 2267 idern
807 2235 961 2284 poenas
977 2220 1036 2267 de
1053 2219 1254 2268 sontibus
1270 2222 1423 2284 exegit
1441 2260 1452 2277 ,
1470 2223 1609 2267 eriam
1638 2222 1863 2284 capitales.
1899 2220 2068 2268 Christi

409 2283 643 2331 lenitatem
660 2285 708 2330 &
724 2284 985 2347 patientiam
1018 2284 1185 2331 imitari
1208 2283 1608 2347 paffimjubemur.
1633 2284 1695 2330 At
1729 2288 1752 2315 *
1790 2282 1989 2331 Christus
2006 2283 2068 2329 est

409 2348 490 2411 qui
521 2348 571 2393 &
603 2346 781 2395 Iudaeos
811 2345 1126 2394 inobedientes
1152 2346 1373 2410 suppliciis
1401 2344 1546 2394 affecit
1580 2346 1845 2410 gravissimis
1863 2385 1874 2403 ,
1894 2346 2069 2393 Matth-

409 2423 555 2467 xx11,
573 2426 621 2467 7,
641 2412 689 2456 &
707 2410 874 2472 impios
892 2411 936 2456 in
953 2410 1027 2456 die
1044 2410 1202 2470 juciicii
1254 2425 1307 2456 ro
1326 2411 1498 2457 meritis
1512 2410 1573 2460 est
1593 2410 1894 2463 damnaturus.
1912 2410 2072 2471 Magi-

410 2474 487 2522 stri
503 2472 732 2520 lenitatem
748 2474 913 2520 imitati
933 2472 1027 2519 sunt
1044 2473 1217 2538 Aposto
1238 2474 1250 2517 i
1268 2510 1278 2523 ,
1297 2475 1373 2535 qui
1391 2487 1542 2519 tamen
1560 2476 1583 2503 *
1635 2471 1822 2518 otestate
1837 2471 1918 2518 fibi
1950 2470 2071 2517 divi-

412 2539 533 2586 nitus
549 2535 734 2583 dataufi
753 2535 849 2583 sunt
867 2535 928 2582 ad
944 2551 1126 2598 poenam
1146 2535 1559 2588 facinorosorum,1
1582 2488 1698 2583 gor.
1721 2547 1874 2590 1v,21.
1904 2548 1926 2579 1
1949 2531 2069 2579 Cor.

414 2617 463 2656 v,
484 2610 527 2657 ς.
548 2613 569 2643 1
590 2598 722 2646 Tim.
742 2614 785 2656 1,
805 2611 887 2644 20.
926 2601 1131 2654 Quartus
1154 2599 1282 2645 locus
1300 2600 1375 2661 qui
1393 2599 1612 2657 objicitur
1629 2598 1688 2644 est
1705 2598 1847 2646 Rom.
1863 2612 1920 2641 xr
1934 2612 1971 2651 1,
1996 2611 2073 2650 17.

416 2667 575 2710 Nemini
586 2665 731 2709 malum
738 2677 808 2724 pro
822 2666 921 2709 malo
938 2665 1087 2709 reddite
1103 2679 1113 2710 ε
1123 2678 1324 2724 procurate
1342 2666 1490 2719 honesta
1505 2668 1546 2708 in
1558 2669 1726 2707 omnium
1741 2663 1928 2720 conspec‘ffu
1944 2661 2072 2720 :fifie-

415 2731 456 2773 ri
476 2729 594 2786 potest
610 2758 621 2773 ‚
639 2741 831 2788 quantum
860 2732 901 2771 iu
918 2729 1025 2771 vobis
1039 2731 1112 2776 esi,
1131 2744 1214 2771 mm
1227 2728 1398 2770 omnihus
1420 2728 1632 2770 hominibus
1646 2730 1686 2768 in
1699 2739 1787 2783 pace
1804 2729 1980 2767 viventes
1996 2740 2071 2766 mm

417 2789 652 2849 vosmetipfhs
663 2790 688 2817 *
709 2791 936 2849 ulctscentes,
955 2791 1097 2838 dilem,
1108 2791 1183 2848 sed
1196 2790 1286 2832 date
1303 2790 1422 2833 locum
1436 2793 1496 2832 ira
1512 2810 1522 2831 .-
1534 2790 1724 2847 scriptum
1741 2788 1787 2842 est
1803 2792 1919 2839 enim3
1939 2793 2073 2827 Meum

416 2855 470 2910 est
493 2852 614 2910 ulctfii
627 2873 638 2896 .·
652 2870 714 2911 ego
729 2854 934 2912 rependam
946 2887 959 2907 ,
987 2854 1082 2897 dicit
1099 2856 1299 2896 Dominus.
1327 2857 1462 2911 Itaque
1483 2850 1520 2908 si
1533 2852 1646 2907 efim't
1660 2853 1834 2893 inimicus
1852 2862 1940 2891 και,-
1957 2880 1966 2894 ,
1988 2847 2070 2889 ciba

419 2932 525 2970 eum3
534 2914 667 2973 Jt'fitit
685 2949 698 2967 ,
717 2915 769 2959 da
779 2919 971 2974 cipetum.
1004 2918 1072 2960 hoc
1082 2919 1184 2959 enim
1193 2913 1231 2971 fi
1249 2915 1379 2971 feceris
1393 2915 1410 2967 ,‘
1426 2913 1596 2955 carbones
1610 2916 1703 2967 ignis
1718 2911 1945 2953 coacerva&
1957 2914 1997 2950 in
2011 2923 2071 2949 ca-

415 2992 489 3040 put
518 2981 614 3037 ejus.
640 2984 700 3020 Ne
715 2980 881 3022 vincitor
895 2979 923 3021 ἃ
939 2980 1039 3022 malo
1060 3014 1072 3031 ‚
1085 2978 1157 3036 scd
1174 2980 1284 3018 vince
1297 2977 1388 3019 bono
1415 2976 1572 3018 malum.
1605 2959 1697 3017 Sed
1715 2970 1786 3015 hic
1803 2983 1983 3029 quoque.
2000 2980 2075 3011 ea·-

421 3039 533 3086 dem
550 3053 645 3101 quae
661 3036 719 3083 ad
736 3037 889 3084 locum
908 3036 1186 3101 superiorem
1203 3049 1325 3098 patet
1342 3033 1583 3093 responsio.
1615 3031 1742 3080 Nam
1789 3046 1848 3075 uo
1868 3043 2077 3096 tempore

422 3101 597 3148 difium
616 3099 762 3148 fuerat
780 3104 806 3146 Ξι
838 3101 887 3148 D
903 3116 932 3146 ις
949 3116 980 3146 o
999 3138 1010 3151 ‚
1043 3100 1208 3145 Meum
1225 3097 1286 3143 est
1302 3097 1447 3143 ulcisci
1467 3133 1478 3152 ,
1498 3112 1586 3159 ego
1617 3108 1749 3156 repen
1786 3108 1857 3136 am
1874 3111 1887 3148 3
1904 3106 1960 3135 eo
1980 3088 2071 3150 1pso

422 3178 634 3227 tempore
651 3162 880 3224 &judicia
897 3162 1103 3224 capitalia
1119 3159 1441 3207 exercebantur
1458 3195 1468 3213 ‚
1488 3160 1537 3203 &
1553 3158 1610 3203 de
1627 3157 1752 3202 bellis
1768 3154 1934 3221 scripta:
1952 3164 2076 3220 erent

424 3227 571 3292 leges.
587 3225 708 3298 Qu
728 3225 1001 3272 &beneficia
1014 3225 1209 3270 inimicis
1225 3226 1240 3280 (
1259 3221 1548 3285 popularibus
1566 3220 1755 3277 scilicet)
1773 3215 1976 3261 exhiberi
2009 3230 2079 3282 jn-

425 3289 590 3341 bentur
608 3329 621 3350 ,
639 3287 796 3337 bxod.
815 3301 992 3346 xxnx,
1008 3297 1056 3348 4,
1079 3299 1122 3347 ς.
1152 3284 1264 3333 Haec
1281 3298 1448 3342 tamen,
1468 3297 1516 3329 ut
1534 3282 1730 3327 diximus
1747 3316 1758 3336 ,
1779 3292 1922 3335 neque
1938 3290 2080 3342 poenis

1964 3351 2081 3397 capi·
