2380 3917
102 2081 220 2120 Liba.
240 2087 330 2127 127.

329 378 383 420 34
726 367 1576 405 nstvnsnstt1

329 438 478 485 Afris:
500 442 539 482 in
553 433 677 492 castris
696 430 745 482 Εἴ
758 433 826 494 1211st
845 437 1041 495 quondam
1053 436 1284 489 sacularibus
1299 437 1509 480 militantes
1524 470 1534 484 ,
1553 433 1620 494 sed
1636 437 1723 478 veri
1742 433 1794 487 (y
1815 434 1999 493 spiritua-

344 504 393 548 les
417 510 488 545 Det
505 503 641 546 milites
660 533 668 547 ‚
688 499 782 542 dum
799 498 996 541 diabolum
1014 498 1160 553 Christi
1177 496 1386 558 confessione
1400 499 1654 557 prosternunt,
1677 499 1830 555 palmas
1845 499 2012 540 Domini

330 569 384 621 (ς’
401 582 549 609 coronas
578 561 731 617 illustres
744 557 902 618 pqffiom
915 574 1151 604 meruerunt.
1189 557 1248 603 Et
1275 557 1378 604 hinc
1406 570 1592 621 apparet
1625 556 1732 619 quid
1762 556 1822 602 de
1847 556 2012 603 militia

333 623 509 673 senlerit
527 622 826 668 communitas
858 618 1219 666 Christianorum
1239 659 1250 675 ,
1273 623 1414 668 ctiam
1429 619 1687 684 priusquam
1702 618 2013 682 Imperatores

329 687 577 735 Christiani
604 682 750 728 essent.
781 680 1064 744 Capitalibus
1092 683 1316 746 suppliciis
1332 683 1362 731 ii
1386 700 1478 730 non
1495 682 1688 730 libenter
1706 680 2012 729 interfuerunt

330 750 572 798 Christiani
590 747 673 792 illis
692 744 979 807 temporibus
995 784 1006 801 ,
1027 745 1150 792 haud
1169 748 1335 793 mirum
1363 745 1508 794 videri
1528 745 1575 791 id
1591 744 1731 792 debet
1751 783 1762 802 ,
1777 761 1883 792 cum
1913 743 2013 809 ple-

333 827 523 874 rumque
539 811 598 856 de
618 808 881 854 Christianis
897 808 999 872 ipfis
1015 807 1122 855 effet
1134 808 1434 868 judicandum
1447 826 1458 858 :
1473 808 1593 856 adde
1608 808 1734 873 quod
1751 809 1858 855 &in
1876 821 2013 854 caete-

333 879 392 925 ris
410 876 542 922 rebus
569 870 692 936 leges
711 870 926 918 Romanae
944 870 1153 918 duriores
1172 887 1296 919 erant
1308 889 1446 936 quam
1462 873 1619 920 lenitas
1658 871 1916 919 Christiana
1930 885 2013 935 pa-

334 942 500 986 tiatur:
519 937 645 999 quod
662 936 732 982 vel
752 932 852 980 solo
879 935 905 961 *
933 932 1148 982 Silaniani
1165 933 1543 983 Senatusconsulti
1561 934 1780 999 exemplo
1808 933 1915 981 satis
1963 950 2013 981 a·

333 1016 414 1049 tet.
445 1000 685 1062 Postquam
704 1014 816 1045 vero
833 995 1161 1044 Constantinus
1178 995 1481 1046 Christianam
1497 999 1762 1061 religionem
1780 998 1830 1043 δε
1845 950 2014 1062 proga-

336 1082 386 1114 rc
403 1068 451 1111 δε
467 1077 748 1126 promovere
766 1063 922 1124 coepit,
942 1077 1034 1107 non
1050 1060 1160 1109 ideo
1175 1061 1404 1109 desierunt
1420 1061 1627 1126 capitalia
1645 1061 1869 1126 supplicia.
1908 1060 2014 1107 Imo

334 1129 428 1194 ipse
443 1125 761 1177 Constantinus
774 1125 890 1171 inter
904 1124 1009 1171 alias
1018 1123 1140 1190 leges
1152 1124 1212 1172 de
1229 1124 1463 1188 parricidis
1477 1124 1608 1173 culeo
1622 1122 1845 1171 insuendis
1860 1126 2014 1189 legem

336 1193 442 1239 tulit
457 1230 467 1244 ,
485 1207 583 1255 quae
596 1187 738 1235 exstat
755 1185 954 1244 Codice,
972 1187 1136 1235 Titulo
1153 1188 1282 1235 cleiis
1299 1189 1374 1251 qui
1390 1201 1600 1252 parentes
1618 1188 1690 1235 vel
1707 1187 1879 1234 liberos
1890 1187 2016 1234 occi-

337 1255 522 1303 derunt.
555 1266 813 1316 quanquam
830 1252 999 1313 alioqui
1019 1252 1062 1298 in
1083 1249 1306 1314 suppliciis
1320 1250 1554 1315 exigendis
1577 1249 1839 1298 mitiffimus
1858 1248 2014 1305 fuerit,

338 1321 402 1368 ita
419 1333 468 1366 ut
485 1318 542 1365 ab
558 1314 777 1362 historicis
791 1329 884 1360 non
900 1316 1055 1376 paucis
1077 1312 1433 1376 reprehendatur
1447 1317 1471 1346 *
1488 1315 1631 1361 nimiae
1648 1312 1845 1362 lenitatis
1863 1311 2017 1361 nomi-

340 1398 414 1430 ne.
444 1381 571 1429 Tum
588 1378 762 1426 veroin
782 1378 984 1424 exercitu
1013 1376 1091 1424 suo
1107 1378 1330 1440 plurimos
1356 1377 1515 1425 habuit
1532 1375 1817 1424 Christianos
1832 1413 1844 1432 ,
1868 1389 1919 1423 ut
1931 1391 2018 1422 nos

342 1444 534 1492 historiae
554 1443 742 1497 docent,
758 1439 979 1487 &labaro
997 1438 1166 1488 Christi
1181 1456 1349 1488 nomen
1364 1440 1578 1505 incripfit.
1596 1440 1667 1487 Ex
1683 1453 1742 1485 eo
1758 1439 1896 1486 etiam
1913 1454 2018 1485 mu-

343 1523 490 1555 tatum
518 1506 578 1553 est
606 1505 934 1554 lacrainentum
964 1504 1161 1552 militare
1191 1505 1237 1550 in
1262 1519 1366 1551 eam
1384 1502 1588 1552 formam
1606 1520 1701 1568 quae
1722 1502 1864 1550 exstat
1893 1499 2018 1566 apud

344 1571 594 1636 vegetium
613 1586 624 1617 2
644 1577 716 1614 Per
734 1577 863 1613 Deum
881 1570 931 1623 ξς
942 1571 1138 1627 christum
1157 1565 1207 1618 Εἰ
1219 1573 1405 1629 Spiritum
1421 1573 1618 1625 sanatam,
1639 1571 1690 1624 εἷ
1727 1585 1766 1613 er
1782 1566 2020 1624 majestatem

347 1640 589 1696 imperatoris
603 1651 678 1695 qua
686 1631 901 1690 secundum
921 1640 1046 1677 Deam
1060 1639 1183 1691 generi
1197 1634 1367 1677 humano
1381 1634 1575 1691 diligenda
1592 1651 1610 1676 e
1724 1631 1891 1677 colenda.
1912 1625 2021 1675 Ne-

347 1712 436 1760 que
463 1710 521 1742 eo
537 1708 748 1755 tempore
774 1709 830 1739 ex
848 1705 922 1739 tot
945 1691 1198 1759 Episcopis,
1212 1695 1331 1739 inter
1347 1707 1462 1756 quos
1477 1692 1607 1740 multi
1623 1705 1765 1748 erant,
1787 1689 2022 1738 durissima-

344 1773 532 1822 quaeque
551 1756 658 1821 passi
676 1771 761 1819 pro
778 1755 1014 1821 religione,
1032 1757 1108 1804 vel
1122 1774 1232 1803 unus
1245 1755 1369 1803 fuisse
1383 1756 1547 1819 legitur
1563 1757 1641 1818 qui
1665 1768 1742 1802 aut
1757 1752 2022 1801 Constanti·-

348 1838 458 1869 num
477 1860 489 1877 ,
509 1820 564 1867 ab
581 1820 797 1867 omnibus
823 1820 1013 1865 omnino
1031 1818 1295 1882 capitalibus
1313 1818 1533 1884 suppliciis
1549 1820 1600 1866 &
1613 1816 1738 1866 bello
1750 1855 1762 1875 ,
1782 1831 1861 1865 aut
1879 1814 2024 1864 Chri-

349 1884 513 1932 stianos
531 1889 557 1930 a
575 1884 738 1930 militia
754 1881 922 1940 inje6to
951 1882 1114 1929 divina*
1148 1886 1222 1929 irae
1251 1896 1380 1929 metu
1413 1882 1697 1930 absterruerit
1715 1916 1726 1932 ,
1743 1896 1849 1927 cum
1865 1894 2023 1926 tamen

347 1947 530 2011 plurimi
543 1945 678 1994 effent
696 1946 902 1991 acerrimi
919 1944 1131 1992 custodes
1143 1944 1378 2008 disciplinae
1397 1984 1408 2002 ‚
1428 1947 1477 1992 &
1493 1946 1678 1992 minime
1697 1942 2025 1991 dissimulantes

348 2026 511 2057 eorum
529 2025 624 2070 quae
659 2007 715 2055 ad
745 2008 947 2054 officium
978 2023 1077 2054 tum
1104 2008 1440 2071 Imperatorum
1460 2046 1472 2065 ‚
1490 2022 1589 2055 tum
1607 2007 1802 2054 aliorum
1821 2007 2019 2069 pertine·

351 2088 477 2122 rent:
493 2072 635 2134 qualis
649 2073 695 2117 Sc
708 2070 964 2118 Theodosii
980 2084 1188 2133 tempore
1204 2070 1289 2118 fuit
1306 2070 1587 2126 Ambrosius,
1605 2073 1681 2133 qui
1700 2068 1908 2116 sermone
1924 2084 1981 2116 vr
1992 2083 2018 2116 1

353 2137 417 2183 ita
435 2136 495 2181 ait
517 2151 527 2182 :
552 2144 638 2180 Non
658 2138 828 2180 militare
844 2138 1022 2180 demum
1049 2140 1100 2178 ef?
1116 2172 1127 2188 ‚
1134 2137 1206 2193 sed
1213 2149 1368 2196 propter
1380 2138 1548 2194 praedam
1564 2136 1733 2179 militare
1743 2147 1939 2194 peccatum
1950 2134 2017 2190 est.

314 2239 319 2244 .
353 2201 404 2246 δί
421 2197 480 2244 de
496 2195 680 2244 Officiis
697 2201 920 2244 :fortitudo
933 2216 1010 2259 qua
1027 2199 1093 2242 vel
1107 2200 1194 2241 bell>
1219 2213 1351 2242 tuctur
1363 2197 1390 2241 ὰ
1408 2199 1584 2242 barbaris
1607 2201 1806 2257 patriam,
1833 2197 1899 2240 vel
1913 2197 2022 2240 domi

354 2264 531 2324 defendit
550 2263 719 2318 infirmos
737 2294 747 2309 ,
768 2263 830 2305 vel
845 2261 871 2304 ἂ
887 2261 1221 2318 latronibmsbcio's
1238 2296 1249 2315 ‚
1265 2263 1373 2320 plena
1384 2257 1539 2316 justitia
1555 2260 1614 2315 est.
1650 2256 1761 2304 Hoc
1776 2271 2022 2321 argumen-

351 2339 451 2371 tum
470 2322 579 2368 tanti
602 2321 711 2366 mihi
729 2321 923 2376 videtur,
941 2336 990 2367 ut
1001 2320 1106 2366 nihil
1123 2321 1239 2368 ultra
1256 2336 1307 2367 re
1340 2321 1499 2367 uitam.
1529 2318 1700 2383 Neque
1715 2333 1867 2367 tamen
1883 2319 2022 2390 igno-

349 2403 406 2435 ro
425 2386 447 2410 ²
471 2383 579 2447 saepe
604 2383 852 2448 Episcopos
869 2422 881 2441 ,
905 2385 955 2430 &
1014 2382 1159 2430 lebem
1188 2383 1307 2430 Chri
1346 2385 1491 2430 ianam
1521 2382 1793 2446 interpositis
1807 2381 2022 2454 precibus

350 2448 437 2497 suis
453 2447 656 2494 avertiffe
675 2463 827 2516 poenas
847 2484 858 2503 ‚
911 2463 964 2494 τε
985 2447 1123 2493 ertim
1144 2446 1364 2507 capitales
1376 2463 1391 2496 1:
1403 2460 1583 2493 morem
1611 2461 1793 2511 quoque
1807 2443 2023 2493 introdu-

351 2511 491 2567 stum,
511 2513 534 2539 *
550 2524 598 2556 ut
615 2526 691 2571 qui
710 2509 767 2556 ad
784 2510 874 2556 Ecc
893 2509 1028 2556 esiam
1045 2508 1363 2573 confugissent,
1381 2508 1554 2556 nonnisi
1572 2509 1671 2557 vitae
1688 2507 1912 2558 servandae
1927 2506 2021 2555 fide

352 2574 457 2620 data
479 2571 777 2619 redderentur
792 2593 807 2630 3
824 2570 906 2618 δε*
926 2587 973 2619 ut
997 2575 1119 2619 circa
1150 2570 1318 2619 Pascha
1342 2586 1525 2618 carcere
1539 2573 1856 2620 emitterentur
1873 2608 1886 2628 ,
1904 2585 2024 2635 quos

351 2637 380 2684 s
375 2653 430 2683 na
442 2637 630 2683 crimina
648 2636 894 2682 attinebant
912 2652 923 2683 :
941 2634 1018 2682 fed
1033 2673 1043 2691 ‚
1067 2635 1142 2696 qui
1173 2650 1279 2681 cum
1295 2650 1403 2681 cura
1420 2636 1512 2681 haec
1525 2636 1683 2681 omnia
1708 2673 1721 2692 ‚
1741 2636 1791 2683 &
1807 2633 1837 2681 fi
1853 2649 1938 2698 qua
1947 2633 2021 2680 his

353 2698 451 2746 sunt
471 2698 643 2753 fimilia‚
663 2697 887 2760 expendet
908 2736 920 2754 ‚
941 2700 1156 2754 inveniet,
1178 2698 1301 2762 signa
1317 2698 1407 2744 haec
1421 2698 1508 2744 effe
1521 2696 1782 2746 Christianae
1794 2696 2022 2745 bonitatis

353 2777 540 2807 omnem
561 2763 768 2821 rapientis
785 2760 1030 2807 clementiae
1043 2759 1330 2807 occasionem
1343 2798 1354 2817 ,
1379 2775 1471 2807 non
1497 2760 1651 2807 omnia
1665 2760 1832 2821 judicia
1847 2759 2020 2821 capita-

351 2823 412 2869 lia
430 2821 682 2869 damnantis
695 2824 829 2869 animi
848 2839 858 2870 :
874 2821 993 2869 unde
1012 2822 1287 2869 &locorum
1306 2824 1355 2869 &
1367 2838 1629 2886 temporum
1644 2823 1719 2872 illa
1737 2823 1952 2872 beneficia
1968 2822 2021 2868 &

353 2900 509 2993 preces
536 2884 633 2955 ipsae
660 2885 684 2912 ²⁶
707 2883 1047 2947 exceptionibus
1064 2884 1331 2947 quibusdam
1357 2887 1743 2948 temperabantur.
1777 2885 2021 2947 Objiciunt

390 2948 430 2992 ic
458 2946 589 2993 nobis
621 2948 818 2994 nonnulli
835 2963 927 2995 x11
948 2963 1171 2994 canonem
1204 2947 1381 3007 Synodi
1408 2947 1649 2996 Nicaeenfis
1678 2952 1755 3013 qui
1780 2950 1944 2998 Latine
1960 2945 2019 2994 fic

356 3008 513 3056 habet.
544 3009 569 3035 ’⁸¹
590 3019 830 3074 Quumque
850 3018 978 3057 vocati
988 3025 1054 3072 per
1066 3017 1238 3072 gratiam
1254 3049 1265 3067 ‚
1278 3020 1449 3073 primum
1463 3016 1617 3076 quidem
1638 3017 1827 3065 ardorem,
1847 3015 2021 3071 fidemve

355 3078 472 3133 fuam
492 3076 729 3131 ostenderunt
751 3110 762 3129 ‚
787 3077 838 3129 (3-
853 3076 1043 3133 cingulum
1063 3077 1205 3119 militia
1224 3077 1480 3134 deposuerunt
1492 3111 1504 3129 ,
1515 3079 1632 3135 postea
1661 3095 1750 3125 vero
1773 3092 1822 3123 ut
1837 3092 1942 3122 canes
1961 3074 2020 3119 ad

351 3139 470 3195 ficum
502 3141 698 3181 vomitum
728 3136 874 3196 reverfi
886 3138 984 3194 sunt
994 3160 1005 3187 ,·
1025 3142 1083 3180 ita
1115 3152 1160 3181 ut
1176 3139 1298 3197 aliqui
1313 3139 1570 3195 &pecuniam
1586 3141 1728 3187 darent
1743 3177 1757 3196 ,
1774 3141 1824 3195 (θ’
1839 3138 2020 3194 beneficiis

356 3202 542 3243 militiam
558 3213 776 3258 repeterent,
796 3200 840 3242 λη’
853 3201 977 3242 decem
1002 3203 1113 3243 annis
1125 3202 1287 3254 jaceam,
1307 3202 1386 3257 post
1399 3204 1557 3245 triennii
1568 3203 1774 3249 auditionis
1789 3214 1947 3262 tempus·
1966 3205 2015 3243 In

356 3262 416 3305 lm
445 3276 580 3304 autem
598 3263 770 3305 omnibus
802 3262 1001 3317 observari
1016 3275 1154 3319 oportet
1165 3261 1394 3320 propositum
1412 3265 1463 3317 (9·
1476 3265 1635 3308 modum
1642 3269 1878 3325 poenitentia.
1909 3265 2018 3323 Qu&-

357 3337 512 3382 eumque
529 3329 648 3376 enim,
672 3325 722 3375 εἴ
729 3329 877 3370 timore.
901 3318 951 3369 ὕ
968 3325 1169 3385 lachtymis
1190 3356 1201 3371 ‚
1219 3325 1268 3376 ξς
1277 3329 1482 3382 patientia.
1500 3328 1550 3380 dy·
1562 3327 1665 3371 bonis
1682 3329 1852 3387 operibus
1864 3339 2021 3371 conver·

346 3384 487 3441 fiotum
504 3387 639 3447 absque
647 3385 895 3443 fimulatione
910 3386 1185 3443 demonstrant,
1201 3387 1245 3429 ha·
1256 3387 1456 3442 definitum
1478 3402 1623 3449 tempus
1636 3386 2018 3448 maditionisimplen·

1947 3462 2025 3502 tn,
