2527 3938
877 305 1811 359 AQPACIS.1218.1.
2118 310 2145 354 7

462 379 623 430 testate
635 375 759 428 civili
774 390 867 428 non
882 378 1083 433 veniens»,
1097 389 1357 439 quanquam
1375 376 1418 421 ei
1436 372 1668 436 subditum
1692 412 1702 430 ,
1717 375 1894 420 varium
1915 371 1980 422 est
1999 413 2009 428 ‚
2031 389 2143 438 prae-

469 457 600 507 cepta
616 439 1029 507 patriasdominica
1048 459 1064 498 3
1080 439 1128 484 &
1144 436 1176 485 fi
1190 452 1277 500 qua
1295 437 1391 491 sunt
1407 435 1562 484 fimilia
1577 440 1622 485 in
1640 437 1682 483 se
1697 437 1947 484 continens.
1981 435 2142 486 Latius

464 520 623 553 autem
639 517 798 569 patens
821 502 883 551 est
897 504 968 563 jus
982 501 1200 550 Gentium
1217 537 1230 556 ,
1245 499 1294 546 id
1311 499 1373 547 est
1389 499 1517 562 quod
1549 501 1764 547 Gentium
1782 501 1990 546 omnium
2008 500 2032 527 *
2063 516 2140 548 aut

465 567 711 615 multa-rum
726 564 960 614 voluntate
971 567 1067 614 vim
1084 562 1319 627 obligandi
1335 563 1526 626 accepit.
1558 563 1814 610 Multarum
1834 561 1991 610 addidi
2009 600 2019 615 ,
2039 566 2144 627 quia

466 630 549 678 vix
561 629 703 677 ullum
720 631 788 690 jus
805 630 1030 692 reperitur
1046 642 1175 674 extra
1189 629 1260 686 jus
1272 626 1474 673 naturale
1495 663 1505 681 ,
1525 625 1653 687 quod
1670 624 1812 689 ipsum
1832 641 2016 688 quoque
2030 632 2144 691 gen-

466 692 584 739 tium
597 693 688 740 dici
706 691 833 747 solet,
852 691 1065 753 omnibus
1082 687 1291 755 gentibus
1304 701 1569 736 commuue.
1603 690 1707 735 Imo
1723 688 1832 750 saepe
1849 691 1891 734 in
1907 706 1993 735 una
2010 704 2142 751 parte

464 753 592 801 orbis
603 768 830 802 terrarum
849 753 911 801 est
924 755 994 814 jus
1007 753 1212 817 gentium
1228 751 1357 814 quod
1372 750 1476 797 alibi
1495 766 1587 798 non
1605 750 1665 797 est
1690 789 1700 807 ,
1734 766 1784 796 ut
1800 751 1860 797 de
1876 753 2143 817 captivitate

464 832 520 864 ac
533 815 809 881 postliminio
825 819 905 865 suo
923 817 1031 863 loco
1050 815 1268 862 dicemus.
1287 814 1515 861 Probatur
1545 829 1697 860 autem
1731 814 1823 861 hoc
1853 815 1922 873 jus
1937 817 2143 875 gentium

464 881 565 943 pari
580 878 728 926 modo
744 895 836 943 quo
852 881 923 940 jus
937 895 1028 932 non
1042 877 1258 949 'scriptum
1274 878 1408 924 civile
1427 915 1438 933 ,
1457 875 1536 923 usu
1552 879 1770 924 continuo
1802 879 1851 923 δε
1882 877 2141 926 testimonio

465 942 742 1000 peritorum.
778 941 853 990 Est
868 943 988 989 enim
1015 942 1107 987 hoc
1125 957 1195 1000 Jus
1211 978 1223 997 ,
1257 954 1306 987 ut
1325 940 1444 986 reste
1469 953 1601 986 notat
1635 941 1733 988 Dio
1754 936 2106 1000 Chrysostomus
2127 982 2140 999 ,

462 1003 609 1059 ἴυρημοι
621 1005 688 1055 βία
701 1006 737 1061 ’‘:i
746 1005 873 1060 κρόνε,
883 1018 1073 1067 repertum
1086 1010 1261 1065 temporis
1276 1007 1326 1061 ξφ
1338 1007 1441 1065 zgfm.
1472 1000 1625 1065 Atque
1654 1005 1700 1049 in
1734 1018 1835 1050 eam
1865 1018 1962 1051 rem
1995 1006 2142 1053 maxi-

465 1083 595 1114 mum
611 1065 743 1113 nobis
754 1066 880 1114 usum
893 1065 1092 1130 praebent
1108 1065 1293 1113 illustres
1310 1066 1533 1113 annalium
1553 1064 1838 1112 conditorese

531 1129 582 1176 X
600 1129 658 1177 V.
693 1128 768 1177 Ius
785 1128 1094 1177 voluntarium
1108 1128 1316 1178 divinum
1333 1127 1461 1191 quod
1480 1127 1533 1175 sit
1554 1164 1565 1180 ,
1579 1127 1679 1175 satis
1694 1143 1752 1176 cx
1771 1129 1864 1194 ipso
1882 1147 2049 1179 vocum
2067 1131 2141 1178 so-

464 1207 526 1239 no
542 1191 834 1256 intelligimus
854 1209 866 1239 z
882 1191 932 1239 id
947 1193 1162 1240 nimirum
1178 1191 1308 1255 quod
1325 1208 1383 1238 ex
1394 1191 1630 1239 voluntate
1647 1191 1798 1240 divina
1816 1208 1971 1240 ortum
1986 1195 2139 1242 habet.

466 1270 560 1319 quo
578 1254 831 1302 discrimine
847 1259 873 1303 a
891 1257 990 1316 jure
1015 1255 1233 1312 naturali,
1253 1254 1383 1318 quod
1400 1256 1515 1302 item
1538 1254 1739 1302 divinum
1761 1256 1851 1303 dici
1871 1258 1992 1319 poss'e
2019 1257 2138 1304 dixi-

466 1333 583 1373 mus,
600 1317 939 1366 internoscitur.
973 1319 1024 1367 In
1042 1318 1133 1366 hoc
1141 1321 1242 1380 jure
1258 1319 1413 1366 locum
1430 1317 1598 1371 habere
1614 1318 1762 1380 potest
1779 1357 1788 1373 ,
1810 1319 1937 1382 quod
1952 1320 2139 1369 nimium

464 1379 718 1428 indistinste
733 1380 759 1408 *
778 1382 961 1430 dicebat
978 1382 1270 1430 Anaxarchus
1289 1421 1301 1439 ,
1320 1399 1411 1429 non
1427 1381 1535 1428 ideo
1546 1381 1592 1428 id
1609 1382 1763 1430 Deum
1778 1381 1894 1429 velle
1911 1420 1922 1437 ‚
1947 1384 2052 1445 quia
2069 1385 2140 1442 ju-

464 1443 581 1492 stum
596 1442 670 1500 est,
690 1443 766 1491 sed
777 1444 946 1505 justum
960 1447 1061 1502 effe,
1077 1445 1125 1492 id
1139 1444 1201 1493 est
1214 1446 1312 1506 jure
1329 1444 1552 1502 debitum,
1569 1447 1675 1508 quia
1693 1445 1822 1492 Deus
1839 1445 2002 1493 voluit.
2033 1446 2143 1493 Hoc

465 1522 620 1555 autem
635 1508 707 1567 jus
723 1522 801 1555 aut
819 1508 979 1556 datum
995 1508 1056 1555 est
1079 1508 1281 1556 humano
1301 1510 1457 1574 generi
1477 1547 1489 1565 ‚
1513 1523 1589 1556 aut
1607 1508 1780 1572 populo
1799 1510 1889 1555 uni.
1920 1508 2141 1556 Humano

465 1572 621 1635 generi
638 1585 708 1617 ter
723 1572 794 1632 jus
810 1570 971 1619 datum
988 1576 1015 1619 a
1029 1572 1138 1619 Deo
1156 1573 1405 1635 reperimus
1421 1587 1432 1618 ε
1448 1571 1598 1619 statim
1613 1571 1711 1633 post
1729 1571 1965 1619 hominem
1980 1572 2141 1619 condi-

465 1648 586 1689 tum,
607 1635 770 1681 iterum
783 1635 827 1682 in
838 1636 1126 1699 reparatione
1140 1634 1323 1682 humani
1372 1636 1514 1683 eneris
1563 1635 1629 1682 ost
1646 1634 1867 1682 diluvium
1886 1673 1895 1690 ,
1910 1634 2142 1696 postremo

466 1697 514 1743 in
531 1695 782 1744 sublimiori
796 1699 1084 1763 reparatione
1100 1712 1179 1762 per
1207 1697 1324 1746 Chri
1364 1715 1455 1746 um.
1488 1650 1603 1746 Ἰξίἃ
1630 1698 1836 1756 haeciura
1865 1697 1984 1745 haud
2003 1697 2142 1745 dubie

465 1775 631 1832 omnes
647 1760 854 1808 homines
871 1760 1092 1828 obligant,
1112 1777 1171 1810 ex
1186 1777 1296 1826 quo,
1319 1776 1538 1826 quantum
1554 1760 1656 1810 satis
1679 1760 1740 1808 est
1756 1760 1814 1809 ad
1842 1775 2003 1809 eorum
2019 1762 2141 1810 noti-

464 1837 579 1870 tiam
596 1838 910 1884 pervenerunt.

530 1886 581 1934 X
596 1885 637 1932 V
653 1886 688 1933 Ι.
726 1887 796 1934 Ex
813 1889 1028 1938 omnibus
1047 1890 1227 1953 populis
1241 1904 1352 1937 unus
1368 1886 1430 1935 est
1450 1926 1461 1945 ‚
1494 1888 1564 1935 cui
1582 1889 1866 1952 peculiariter
1896 1889 2026 1938 Deus
2042 1889 2142 1948 jura

465 1952 578 1998 dare
592 1948 884 2014 dignatusest,
902 1953 1096 2017 populus
1113 1952 1278 2000 scilicet
1292 1949 1527 2008 HebraeuS,
1541 1969 1677 2016 ‚quem
1693 1953 1749 2003 fic
1764 1953 2011 2016 alloquitur
2020 1951 2134 2000 Mo·

464 2012 533 2063 ses
552 2013 695 2060 Dent.
721 2028 792 2071 lv,
819 2030 870 2071 7.
897 2025 1084 2078 Qaegens
1099 2032 1184 2063 tam
1194 2034 1337 2077 magna
1349 2021 1409 2061 cui
1420 2023 1498 2060 Dei
1496 2021 1707 2079 propinqui
1713 2018 1813 2078 ficut
1830 2023 2019 2064 Dominus
2038 2027 2142 2063 Deus

467 2080 589 2136 noster
598 2079 654 2123 ad
668 2083 797 2129 omnia
810 2093 906 2125 vota
920 2098 998 2142 qua
1010 2084 1226 2142 eifacimm
1249 2090 1353 2141 ἔφη
1363 2096 1450 2140 gens
1470 2094 1705 2139 tammagna
1716 2118 1725 2134 ,
1744 2080 1892 2139 cuifint'
1904 2082 2136 2136 constitutio·-

465 2158 531 2188 ηας
547 2141 703 2200 &jura
717 2159 829 2203 atqua,
851 2146 978 2203 qualis
992 2145 1043 2200 est
1055 2146 1115 2189 lex
1128 2144 1201 2188 hac
1215 2158 1314 2197 tota,
1328 2160 1447 2204 quam
1464 2159 1524 2202 ego
1539 2144 1652 2187 hodie
1668 2160 1795 2187 coram
1810 2144 1916 2186 vobis
1945 2156 2104 2203 propono
2122 2152 2139 2185 ἓ

465 2200 846 2268 Psalmographus
874 2201 1053 2250 Psalmo
1085 2218 1233 2253 CXLVI
1245 2218 1264 2248 1
1288 2223 1303 2262 3
1322 2207 1471 2249 Iudicat
1485 2212 1591 2248 Deus
1603 2206 1958 2264 verbafiaa‘lacobo
1975 2241 1987 2259 ‚
2007 2206 2138 2260 consti-

465 2269 628 2313 tationes
642 2285 686 2311 ac
699 2272 795 2325 jum
804 2268 874 2321 sua
887 2271 1034 2327 maill-
1061 2287 1134 2314 non
1151 2274 1210 2312 ita
1215 2271 1316 2329 fecit
1323 2271 1430 2328 genti
1446 2270 1513 2310 ulli
1527 2289 1537 2310 .·
1555 2269 1636 2311 ideo
1643 2271 1742 2327 jura
1754 2270 1822 2325 ista
1839 2286 1912 2312 non
1926 2281 2136 2312 noverunt.

464 2324 573 2373 Nec
599 2325 899 2376 dubitandum
919 2366 931 2386 ‚
963 2331 1070 2391 quin
1097 2327 1307 2376 fallantur
1329 2325 1588 2389 *ludoeorum
1612 2328 1674 2374 illi
1708 2328 1726 2389 (
1742 2344 1857 2392 quos
1883 2329 1999 2374 inter
2014 2325 2141 2389 Try-

464 2389 593 2451 phon
619 2390 666 2435 in
691 2388 999 2454 disputatione
1027 2408 1133 2439 cum
1156 2390 1354 2455 Iustino)
1381 2391 1461 2456 qui
1486 2389 1738 2439 existimant
1764 2394 1901 2438 etiam
1927 2389 2141 2454 alienige-

467 2452 534 2497 nis
552 2488 565 2506 ,
592 2451 622 2497 fi
648 2451 755 2500 salvi
778 2453 866 2501 effe
888 2454 1057 2501 vellent
1077 2492 1089 2511 ‚
1120 2454 1399 2501 subeundum
1423 2452 1548 2501 fuisse
1575 2454 1687 2518 legis
1712 2454 1946 2502 Hebraicae
1963 2454 2140 2517 jugum.

466 2511 637 2574 Neque
656 2516 775 2562 enim
792 2531 874 2564 eos
891 2517 1070 2581 obligat
1100 2516 1176 2563 lex
1198 2515 1358 2578 quibus
1373 2515 1478 2563 data
1503 2533 1593 2564 non
1611 2517 1689 2564 est.
1726 2517 1787 2565 At
1805 2518 1829 2546 *
1847 2515 2006 2578 quibus
2029 2514 2139 2562 data

467 2574 522 2624 {it
539 2574 627 2632 lex,
646 2577 733 2639 ipsa
754 2578 984 2641 loquitur:
1018 2584 1134 2626 Audi
1145 2583 1271 2640 Jsraiil.
1300 2581 1349 2624 δε
1373 2579 1531 2637 paffim
1553 2579 1704 2629 foedus
1727 2596 1830 2627 cum
1856 2579 1957 2643 ipsis
1985 2576 2142 2635 ictum,

463 2636 546 2701 ipsi
571 2639 616 2684 in
640 2641 910 2702 peculiarem
937 2642 1028 2689 Dei
1056 2642 1276 2705 populum
1303 2642 1458 2689 adsciti
1478 2642 1687 2692 dicuntur
1703 2683 1713 2700 ‚
1735 2641 1860 2706 quod
1881 2657 2037 2688 verum
2057 2639 2143 2688 effe

465 2700 670 2761 agnoscit
701 2704 749 2749 &
775 2721 833 2751 ex
862 2704 973 2752 loco
1005 2705 1270 2766 Deuteron„
1287 2720 1472 2753 xxx111
1488 2744 1500 2763 ,
1531 2718 1563 2769 4
1575 2745 1585 2763 ,
1622 2706 1785 2769 probat
1815 2703 2147 2751 Maimonides.

467 2764 594 2827 Qu
623 2765 739 2812 inter
765 2766 884 2830 ipsos
910 2767 1133 2815 Hebraeos
1158 2770 1370 2815 vixerunt
1399 2766 1574 2831 semper
1602 2771 1734 2831 aliqui
1764 2768 1907 2815 exteri
1935 2766 2145 2816 homines

463 2825 623 2876 ἶυπβὲκ
636 2831 672 2894 ’9
689 2824 943 2885 σεζόμενοι-τὸν
960 2833 1052 2872 Θεὸν
1069 2862 1081 2882 ,
1116 2831 1256 2894 qualis
1287 2827 1621 2893 syrophoenissa
1648 2832 1817 2879 Matth.
1836 2849 1915 2884 xv,
1936 2841 2013 2877 22.
2033 2845 2145 2891 qua=

462 2887 520 2935 lis
545 2889 620 2935 ille
649 2889 890 2940 Cornelius
920 2893 1081 2942 Actor.
1103 2911 1150 2950 x,
1179 2905 1227 2940 2.
1268 2894 1341 2933 τοῖν
1357 2885 1548 2946 πξομὸὶόωι
1564 2890 1714 2936 {madar
1733 2932 1744 2950 ,
1777 2893 1875 2940 Ast,
1900 2906 2072 2946 xvxn,
2092 2906 2142 2956 4.

465 2949 698 2999 Hebraice
715 2967 823 2997 nimi<
837 2969 944 2998 mon
962 2958 1022 3020 pii
1038 2973 1097 3005 ex
1112 2956 1346 3022 gentibuss,
1365 2969 1416 3002 ut
1431 2954 1598 3018 legitur
1626 2956 1651 2983 *
1680 2957 1814 3002 titulo
1831 2956 2142 3006 Thalmudico

461 3012 528 3060 de
553 3013 696 3078 Rege.
730 3015 857 3067 Talis
873 3020 949 3081 qui
966 3019 1027 3066 est
1042 3020 1086 3065 in
1101 3019 1203 3081 lege
1224 3019 1394 3065 dicitur
1411 3029 1532 3078 *us-3³
1558 3016 1708 3064 Levit.
1722 3034 1809 3065 xxx
1821 3034 1863 3065 1.
1882 3032 1958 3079 ἒς.
1977 3033 2087 3063 ινιτ-η
2104 3032 2143 3061 *u

465 3075 582 3123 Lev.
606 3095 714 3134 xxv,
739 3090 819 3150 47.
849 3082 927 3128 ubi
952 3079 1193 3130 Chaldaeus
1219 3081 1336 3128 dixit
1367 3082 1392 3107 *
1422 3080 1617 3127 incolam
1642 3082 2018 3135 incircumcisum.
2059 3081 2141 3139 Hi,

464 3152 518 3185 ut
542 3153 722 3189 narrant
742 3142 820 3200 ipfi
842 3143 1146 3193 Hebraeorum
1174 3143 1402 3207 magistri,
1432 3144 1555 3205 leges
1585 3140 1767 3191 Adamo
1796 3145 1843 3189 &
1871 3144 1990 3192 Noae
2014 3143 2145 3191 datas

465 3199 645 3249 servare
661 3203 927 3253 tenebantur
941 3246 953 3264 ,
969 3207 1188 3256 abstinete
1204 3206 1262 3254 ab
1277 3206 1413 3262 idolis
1429 3207 1478 3253 ἅτ
1496 3204 1719 3269 sanguine,
1741 3205 1790 3250 δι
1805 3205 1899 3253 aliis
1919 3223 2014 3269 quae
2031 3204 2148 3256 infra

465 3263 547 3310 suo
571 3263 681 3312 loco
705 3267 1081 3317 memorabuntur
1097 3308 1110 3326 ,
1127 3284 1175 3317 at
1204 3285 1296 3317 non
1315 3271 1426 3316 item
1451 3268 1576 3332 leges
1601 3268 1806 3330 proprias
1831 3267 2149 3321 Istae'iitarum.

473 3324 637 3391 Itaque
665 3344 773 3386 qum
798 3328 1007 3382 Israelitis
1034 3347 1128 3388 non
1154 3334 1312 3382 liceret
1342 3329 1458 3381 vesci
1487 3345 1621 3383 camo
1648 3329 1794 3381 bestiae
1823 3347 1918 3396 quae
1944 3331 2044 3379 fato
2071 3330 2151 3377 suo

1440 3391 1483 3448 Α
1514 3403 1549 3456 4
1994 3391 2151 3459 periis-
