2380 3917
332 340 400 386 196
737 331 1595 373 oelvnssni-:ttr

326 411 361 445 x
378 410 405 440 V
422 405 481 441 11.
507 404 561 439 ΠΛ
583 401 772 438 naturaliter
807 398 1001 432 alluvionem
1028 400 1129 444 impe·
1236 399 1448 430 Romanorum
1455 394 1744 444 jurisprudentium
1757 403 1874 430 errores
1889 399 2003 430 noran-

1237 453 1306 476 tur.

335 456 446 537 xdxl'hl
467 499 479 531 1
495 501 526 533 1.
554 496 710 530 Naturale
727 506 782 528 non
796 491 852 537 effi
865 500 902 526 ut
912 499 1022 539 partus
1031 489 1134 535 filum
1189 493 1222 525 Χ
1240 492 1272 523 Χ
1292 491 1309 523 1
1322 490 1352 524 1.
1378 490 1583 523 Naturaliter
1592 501 1634 522 ex
1645 490 1840 535 plantatione
1861 512 1873 529 ‚
1885 486 2004 533 infitio-

379 558 523 580 mnmm
534 544 696 589 sequatur.
1237 549 1275 570 ne
1290 562 1299 576 ,
1329 534 1527 580 aed1ficatione
1551 540 1586 571 in
1619 540 1722 570 aheno
1756 537 2006 570 communionem

328 598 363 632 X
381 597 393 629 1
414 598 444 628 X
475 591 674 626 Naturalmr
687 596 722 620 ut
744 585 914 629 confufione
929 586 999 618 .1'ta
1012 584 1131 629 specifi-
1161 619 1164 630 Ι
1239 582 1334 627 nasei.

375 652 495 674 catione
506 652 546 672 ex
556 641 691 671 materia
715 637 819 669 atiena
832 645 897 667 rem
902 629 978 676 fiert
990 643 1131 666 commu·
1159 635 1164 661 ί
1190 634 1223 665 Χ
1244 633 1275 664 Χ
1288 631 1304 663 1
1322 631 1339 664 1
1354 628 1385 662 Ῑ.
1409 627 1594 672 Poffbffbrem
1605 630 1798 664 naturaliter,
1806 628 1926 671 stulius
1936 626 2006 673 suu

379 701 450 721 nem
459 701 468 718 ,·
1237 689 1295 711 non
1303 676 1425 720 ἷκεν-ες
1434 674 1490 719 fici
1503 677 1665 721 impendia
1679 679 1840 723 imputare
1849 675 1926 722 poffe
1940 689 1953 710 .·

1187 727 1219 758 Χ
1236 727 1268 758 Χ
1286 726 1359 761 LV.
1383 725 1489 757 Etiam
1498 735 1554 770 qui
1563 722 1723 769 malaside
1733 723 1875 770 poffidet.

1187 775 1220 807 X
1234 774 1268 806 X
1284 774 1328 806 V.
1345 771 1556 804 Tradtce'onem
1592 771 1637 804 ad
1663 770 1796 804 dominu·
1823 770 2000 814 translatio-

1233 831 1306 853 nem
1321 820 1512 852 naturaliter
1521 830 1578 850 mm
1591 820 1722 861 requiri.

1186 868 1221 901 X
1237 869 1269 901 X
1280 867 1309 901 V
1326 865 1359 899 Ι.
1385 864 1454 910 Vsus
1468 865 1617 900 hastcnus
1630 864 1800 900 dictorum.

326 739 359 772 X
380 739 423 769 X.
447 735 550 766 Etiam
569 728 596 772 fi
622 727 758 765 materia
782 723 943 770 malafide
960 723 1136 758 arrret‘iata

373 784 430 826 fir.

328 830 361 863 Χ
379 831 410 862 X
426 828 456 860 1.
482 824 638 858 Naturale
662 835 720 855 non
745 821 802 866 effe
831 828 867 853 ur
877 828 935 867 per
960 819 1132 863 prevalen-

375 886 458 910 tmm
473 885 519 905 res
544 873 645 904 minor
655 868 864 916 poriortcedat
888 883 895 901 :
923 866 977 900 ubi
999 866 1039 898 Φ·
1072 865 1131 901 alu·

448 969 485 1015 E
501 986 533 1015 R
551 986 579 1015 n
600 985 626 1014 v
645 972 709 1014 x‘r
727 984 755 1014 r
789 983 872 1014 nos
891 965 1013 1013 ordo
1028 965 1086 1013 ad
1101 965 1436 1029 acquisitionem
1461 981 1557 1028 quae
1599 964 1650 1011 fit
1668 964 1767 1025 jure
1778 965 1997 1028 gentium,

330 967 431 1121 P
449 1032 655 1078 distincto
669 1036 694 1076 a
711 1032 814 1091 jure
830 1029 1019 1076 naturali
1039 1067 1050 1085 ‚
1072 1029 1200 1092 quod
1218 1031 1286 1088 jus
1317 1031 1517 1094 gentium
1546 1029 1854 1080 voluntarium
1871 1026 2003 1091 supra

449 1095 666 1141 diximus.
703 1093 831 1141 Talis
847 1092 908 1138 est
925 1109 980 1139 ea
992 1109 1085 1156 quae
1102 1092 1152 1139 fit
1170 1090 1276 1139 belli
1293 1092 1405 1152 jure,
1417 1091 1493 1139 sed
1510 1090 1570 1138 de
1598 1091 1683 1137 hac
1703 1105 1752 1135 re
1764 1090 2005 1138 reciiusin-

330 1157 399 1205 fra
417 1174 604 1222 agemus
621 1157 694 1203 ubi
709 1156 816 1202 belli
835 1155 1015 1203 effeChrs
1032 1155 1385 1226 eirplicabuntur.
1420 1155 1618 1202 Romani
1636 1151 1934 1200 Iurisconsulti
1950 1162 2006 1200 u-’

302 1267 306 1273 ,
329 1221 374 1269 bi
389 1220 447 1266 de
464 1218 743 1282 acquirendo
775 1235 927 1266 rerum
942 1218 1152 1265 dominio
1169 1234 1304 1282 agunt
1324 1257 1335 1275 ‚
1356 1219 1611 1282 complures
1628 1217 1726 1286 eju}
1740 1216 2005 1280 acquirendi

106 2615 136 2648 ι.
148 2612 292 2659 pastum·

107 2671 137 2697 ς.
162 2658 303 2702 Iremfe.

109 2720 170 2742 raa,
187 2710 233 2741 D.
248 2708 287 2741 de

107 2754 256 2801 “q-pff

122 3245 149 3276 L
174 3243 265 3280 2)an

117 3303 210 3322 cmm.
229 3293 272 3323 Ι).
288 3292 326 3324 de

116 3337 305 3416 ascqlmdom.

327 1283 561 1331 recensent
581 1282 770 1335 modos,
803 1297 919 1346 quos
945 1283 1053 1342 juris
1081 1283 1284 1346 gentium
1303 1297 1495 1330 vocant:
1512 1279 1589 1328 sed
1607 1279 1636 1326 fi
1654 1295 1752 1341 quis
1787 1278 1908 1326 reste
1924 1278 2006 1326 ad-

331 1360 496 1401 vertat,
513 1347 712 1392 inveniet
726 1360 807 1393 eos
831 1361 1009 1402 omnes,
1029 1359 1138 1392 exce
1170 1359 1223 1392 to
1235 1343 1343 1392 belli
1358 1347 1454 1406 jure
1473 1382 1485 1401 ,
1517 1359 1609 1390 non
1626 1343 1850 1406 pertinere
1867 1340 1925 1389 ad
1935 1345 2007 1402 jus

330 1410 537 1474 gentium
549 1407 660 1454 illud
680 1408 738 1455 de
756 1422 849 1470 quo
867 1409 1040 1472 agimus
1058 1424 1070 1455 ;
1088 1407 1131 1454 se
1183 1422 1258 1455 aut
1272 1405 1541 1455 referendos
1554 1405 1614 1454 ad
1630 1407 1699 1466 jus
1715 1420 1894 1461 natum,
1911 1420 2005 1452 non

333 1472 518 1535 quidem
534 1485 726 1528 merum,
746 1469 822 1518 sed
840 1469 965 1535 quod
975 1469 1182 1535 sequatur
1209 1469 1515 1518 introdufflm
1529 1470 1623 1531 jam
1652 1467 1908 1516 dominium
1923 1507 1936 1526 ,
1954 1469 2006 1514 &

333 1536 481 1598 legem
503 1549 689 1581 omnem
704 1534 886 1581 civilem
921 1531 1175 1584 antecedat,
1207 1537 1233 1565 *
1268 1549 1346 1581 aut
1369 1533 1428 1581 ad
1453 1532 1597 1597 ipsam
1630 1531 1781 1596 legem
1804 1531 2005 1588 civilem,

333 1614 425 1645 non
443 1596 576 1643 solius
605 1594 761 1659 populi
791 1596 1018 1654 Romani,
1054 1596 1132 1643 sed
1163 1596 1407 1644 multarum
1426 1597 1546 1644 circa
1560 1596 1795 1642 nationum
1815 1611 1827 1642 e
1859 1597 2005 1643 credo

333 1663 436 1723 quia
455 1660 553 1707 talis
569 1658 680 1724 legis
695 1659 785 1707 five
802 1661 944 1707 moris
961 1661 1098 1723 origo
1114 1664 1141 1707 a
1157 1661 1323 1708 Graecis
1337 1675 1521 1708 venerat
1541 1695 1551 1710 ‚
1571 1673 1768 1721 quorum
1792 1658 2005 1713 instituta,

332 1739 385 1771 ut
400 1721 787 1770 Halicarnass'enfis
806 1762 817 1779 ‚
839 1723 887 1769 &
906 1723 977 1770 alii
995 1737 1155 1770 notant
1168 1758 1179 1774 ‚
1214 1722 1348 1770 Italiae
1363 1738 1416 1770 ac
1442 1723 1573 1769 vicini
1587 1738 1648 1786 po
1681 1722 1743 1768 uli
1761 1719 2008 1785 sequeban-

334 1802 425 1834 tur.
459 1785 568 1833 Hoc
585 1800 734 1832 autem
769 1802 860 1832 non
893 1785 955 1833 est
985 1788 1058 1847 jus
1090 1785 1202 1832 illud
1219 1787 1420 1849 gentium
1436 1786 1620 1848 proprie
1671 1783 1836 1844 idium3
1861 1799 2007 1846 neque

336 1851 458 1896 enim
475 1849 668 1911 pertinet
686 1848 743 1895 acl
763 1864 970 1896 mutuam
987 1852 1194 1912 gentium
1210 1851 1327 1895 inter
1342 1847 1385 1895 se
1400 1847 1680 1903 societatem,
1697 1845 1771 1894 sed
1789 1847 1846 1895 ad
1861 1846 2005 1908 cujus-

338 1928 427 1976 que
446 1911 598 1974 populi
614 1911 984 1974 tranquillitatem
1009 1929 1020 1960 :
1051 1912 1169 1958 unde
1188 1914 1234 1957 &
1251 1911 1306 1958 ab
1324 1928 1414 1959 uno
1433 1910 1603 1974 populo
1631 1911 1725 1958 aliis
1749 1909 2006 1959 inconsultis

338 1976 506 2021 mutari
526 1976 675 2035 potuit
694 2013 705 2030 ‚
742 1977 839 2020 imo
871 1975 919 2020 δι’
938 1974 1027 2020 hoc
1045 1975 1225 2021 evenire
1255 1989 1304 2021 ut
1338 1975 1431 2022 aliis
1449 1975 1560 2020 locis
1574 1989 1706 2036 atque
1722 1972 2008 2037 temporibus

340 2037 477 2102 longe
497 2037 606 2083 alius
622 2052 725 2084 mos
742 2039 999 2084 communis
1018 2077 1029 2093 ‚
1061 2054 1112 2085 ac
1145 2037 1337 2100 proinde
1367 2041 1433 2093 ius
1452 2038 1653 2101 gentium
1677 2037 1924 2100 improprie
1934 2035 2003 2083 di-

337 2100 460 2146 &um
478 2099 854 2147 introduceretur
874 2116 886 2149 t
905 2101 1031 2163 quod
1048 2102 1097 2146 &
1123 2116 1280 2148 revera
1297 2100 1461 2148 factum
1482 2099 1686 2147 videmus
1702 2115 1760 2146 ex
1771 2116 1865 2162 quo
1892 2099 2009 2148 Ger·

338 2164 524 2209 manicae
538 2163 742 2209 nationes
761 2162 993 2227 Europam
1029 2162 1175 2210 ferme
1211 2179 1399 2210 omnem
1426 2161 1694 2210 invaserunt.
1729 2161 1855 2210 Sicut
1883 2163 2008 2210 enim

340 2225 456 2271 olim
473 2226 573 2286 jura
591 2225 749 2272 Graeca
766 2263 778 2280 ‚
810 2227 875 2272 ita
888 2241 994 2272 tunc
1010 2227 1279 2273 Germanica
1295 2227 1489 2274 instituta
1515 2225 1680 2289 paffim
1696 2241 1876 2290 recepta
1892 2224 2005 2282 sunt,

339 2289 390 2334 &
408 2304 520 2334 nunc
536 2288 673 2334 etiam
694 2289 865 2351 vigent.
901 2287 1077 2336 Primus
1096 2288 1355 2351 acquirendi
1371 2288 1536 2336 modus
1569 2290 1644 2351 qui
1669 2289 1780 2348 juris
1804 2289 2007 2353 gentium

340 2355 368 2397 ἐι
387 2349 605 2398 Romanis
623 2350 790 2398 dicitur
812 2390 824 2409 ,
844 2350 906 2397 est
919 2353 1163 2414 occupatio
1179 2368 1342 2399 eorum
1374 2369 1467 2416 quae
1484 2350 1644 2399 nullius
1658 2349 1753 2401 sunt
1772 2370 1784 2402 :
1810 2353 1883 2417 qui
1903 2367 2008 2400 mo-

341 2413 428 2460 dus
441 2415 550 2461 haut
566 2413 705 2461 dubie
722 2413 1087 2471 estnaturalis,eo
1104 2431 1196 2477 quo
1213 2416 1308 2462 dixi
1327 2414 1729 2465 sensu,introdu6to
1742 2419 1835 2479 jam
1847 2416 2007 2463 domi-

342 2478 437 2532 nio,
452 2478 500 2522 δε
517 2477 734 2539 quamdiu
749 2478 872 2525 aliud
888 2479 964 2525 lex
980 2478 1099 2525 nulla
1118 2479 1360 2526 constituit.
1393 2478 1520 2527 Nam
1533 2480 1582 2526 &
1593 2478 1844 2528 dominium
1861 2483 1888 2527 ὲ
1904 2478 2007 2545 lege

343 2539 466 2586 civili
483 2539 599 2586 effici
642 2539 773 2586 otest.

405 2602 427 2648 Ι
447 2602 484 2649 Ι.
519 2602 593 2649 Ad
610 2557 700 2650 Eoo
717 2615 856 2662 caput
869 2603 1066 2650 refertur
1110 2604 1273 2652 timum
1289 2619 1473 2669 captura
1490 2606 1688 2655 ferarum
1706 2645 1719 2664 ,
1737 2606 1889 2654 avium
1907 2644 1918 2662 ‚
1937 2605 2008 2668 pi-

342 2661 478 2710 scium
492 2700 504 2712 .
532 2664 626 2712 Sed
647 2667 742 2712 haec
759 2668 912 2712 omnia
929 2619 1144 2728 quanuiiu
1163 2668 1324 2716 nullius
1337 2669 1530 2717 dicenda
1545 2670 1625 2718 fint
1639 2677 1651 2727 ,’
1666 2668 1902 2733 quaestione
1913 2684 2008 2716 non

342 2741 476 2773 caret.
514 2726 675 2775 Nerva
691 2729 807 2774 filius
825 2727 963 2791 pisces
980 2731 1056 2791 qui
1073 2732 1117 2776 in
1132 2730 1292 2793 piscina
1307 2731 1401 2779 sunt
1411 2732 1627 2797 poffideri
1645 2737 1671 2780 a
1686 2731 1816 2791 nobis
1832 2733 2007 2787 ait‚non

344 2791 420 2849 qui
440 2791 483 2835 in
500 2790 668 2856 stagno,
688 2793 735 2837 δε
753 2787 875 2838 feras
893 2808 986 2855 quae
1002 2794 1046 2838 in
1065 2794 1242 2840 vivario
1272 2794 1368 2842 sunt
1383 2795 1552 2843 inclusae
1564 2835 1574 2852 ,
1603 2791 1707 2843 non¹
1727 2799 1820 2859 quae
1832 2795 1876 2842 in
1889 2793 2007 2842 filvis

344 2852 649 2915 circumseptis
670 2868 906 2914 vagantur.
946 2854 1081 2918 Atqui
1100 2855 1240 2917 pisces
1267 2873 1358 2905 non
1389 2861 1539 2906 minus
1569 2858 1726 2923 stagno
1744 2859 1924 2921 privato
1937 2858 2007 2903 in·

344 2914 583 2962 cluduntur
597 2932 735 2979 quam
762 2915 938 2978 piscina,
958 2919 1006 2963 &
1023 2917 1143 2966 feras
1163 2935 1255 2966 non
1276 2923 1422 2969 minus
1440 2937 1649 2968 coercent
1664 2919 1903 2971 silvaebene
1918 2922 2009 2966 cir-

344 2977 580 3039 cumseprae
597 2994 732 3041 quam
750 2980 933 3036 vivaria,
953 2996 1047 3041 quae
1063 2981 1206 3028 Graeci
1221 2998 1386 3031 vocant
1400 2983 1656 3044 9πςιοτςοφέἱοι
1674 3000 1684 3031 :
1702 2999 1786 3030 nec
1807 2983 1897 3030 alio
1914 2983 2007 3029 haec

347 3038 555 3085 differunt
567 3057 702 3101 quam
718 3041 843 3102 quod
857 3042 994 3089 altera
1014 3043 1408 3106 angustionaltera
1423 3048 1569 3095 laxior
1581 3045 1780 3095 custodia
1792 3045 2007 3109 est.Q-

347 3102 561 3168 tonost-ro
588 3102 736 3149 seculo
757 3103 916 3150 refflus
938 3109 1163 3154 contraria
1180 3110 1336 3172 opinio
1387 3111 1581 3159 raevaluit
1601 3151 1612 3168 ,
1642 3126 1693 3158 ut
1706 3112 1753 3154 δε
1770 3107 1873 3155 ferae
1890 3108 2007 3155 silvis

348 3175 546 3232 privatis,
567 3166 615 3210 δζ
634 3164 771 3229 pisces
788 3165 950 3231 stagnis
967 3168 1132 3227 inclufi,
1153 3186 1202 3218 ut
1218 3171 1335 3235 poffi
1371 3175 1437 3220 eri
1461 3213 1473 3233 ,
1492 3176 1555 3221 ita
1574 3175 1623 3221 &
1637 3174 1685 3221 in
1696 3171 1904 3220 dominio
1921 3166 2007 3217 effe

348 3224 662 3332 intelliffantur.

411 3286 466 3332 11
512 3321 524 3331 .
559 3287 688 3335 Feras
705 3289 831 3336 fimul
848 3305 982 3353 atque
994 3297 1240 3343 naturalem
1271 3296 1528 3345 libertatem
1561 3297 1807 3359 recipiunt,
1837 3292 2008 3342 nostras

347 3347 431 3393 effe
455 3347 656 3397 definere
669 3352 795 3412 ajunt
825 3351 1022 3403 Romani
1050 3358 1380 3408 Iurisconsulti:
1406 3359 1547 3424 Atqui
1562 3361 1608 3407 in
1631 3357 1765 3406 rebus
1804 3355 2017 3462 omnikius

1917 3432 1942 3463 a
1961 3430 2014 3462 us
