<?xml version="1.0" encoding="UTF-8"?>
<!DOCTYPE html PUBLIC "-//W3C//DTD XHTML 1.0 Transitional//EN"
    "http://www.w3.org/TR/xhtml1/DTD/xhtml1-transitional.dtd">
<html xmlns="http://www.w3.org/1999/xhtml" xml:lang="en" lang="en">
 <head>
  <title>
</title>
<meta http-equiv="Content-Type" content="text/html;charset=utf-8" />
  <meta name='ocr-system' content='tesseract 3.04.00' />
  <meta name='ocr-capabilities' content='ocr_page ocr_carea ocr_par ocr_line ocrx_word'/>
</head>
<body>
  <div class='ocr_page' id='page_1' title='image "./hugonisgrottiide010grotuoft_0689.png"; bbox 0 0 2475 3854; ppageno 0'>
   <div class='ocr_carea' id='block_1_1' title="bbox 991 271 1414 319">
    <p class='ocr_par' dir='ltr' id='par_1_1' title="bbox 991 271 1414 319">
     <span class='ocr_line' id='line_1_1' title="bbox 991 271 1414 319; baseline 0.007 -3"><span class='ocrx_word' id='word_1_1' title='bbox 991 271 1414 319; x_wconf 85' lang='lat' dir='ltr'>INDEX.</span> 
     </span>
    </p>
   </div>
   <div class='ocr_carea' id='block_1_2' title="bbox 348 345 1164 1236">
    <p class='ocr_par' dir='ltr' id='par_1_2' title="bbox 348 345 1164 618">
     <span class='ocr_line' id='line_1_2' title="bbox 348 345 1163 406; baseline -0.006 -13"><span class='ocrx_word' id='word_1_2' title='bbox 348 349 609 406; x_wconf 82' lang='lat' dir='ltr'>Corcytenfis</span> <span class='ocrx_word' id='word_1_3' title='bbox 624 346 894 390; x_wconf 71' lang='lat' dir='ltr'>controversia</span> <span class='ocrx_word' id='word_1_4' title='bbox 920 347 1025 391; x_wconf 91' lang='lat' dir='ltr'>inter</span> <span class='ocrx_word' id='word_1_5' title='bbox 1038 345 1163 389; x_wconf 87' lang='lat' dir='ltr'>Athe-</span> 
     </span>
     <span class='ocr_line' id='line_1_3' title="bbox 407 404 1162 457; baseline 0 -10"><span class='ocrx_word' id='word_1_6' title='bbox 407 405 559 448; x_wconf 87' lang='lat' dir='ltr'>nienses</span> <span class='ocrx_word' id='word_1_7' title='bbox 570 407 612 447; x_wconf 88' lang='lat'>&amp;</span> <span class='ocrx_word' id='word_1_8' title='bbox 630 404 885 447; x_wconf 86' lang='lat' dir='ltr'><strong>Corinthios.</strong></span> <span class='ocrx_word' id='word_1_9' title='bbox 1076 415 1162 457; x_wconf 83' lang='lat'>279</span> 
     </span>
     <span class='ocr_line' id='line_1_4' title="bbox 350 459 1164 515; baseline -0.009 -12"><span class='ocrx_word' id='word_1_10' title='bbox 350 461 545 504; x_wconf 82' lang='lat' dir='ltr'>Corraria</span> <span class='ocrx_word' id='word_1_11' title='bbox 557 459 670 515; x_wconf 84' lang='lat' dir='ltr'>quid.</span> <span class='ocrx_word' id='word_1_12' title='bbox 1073 468 1164 510; x_wconf 86' lang='lat'>477</span> 
     </span>
     <span class='ocr_line' id='line_1_5' title="bbox 352 514 1164 570; baseline -0.005 -12"><span class='ocrx_word' id='word_1_13' title='bbox 352 517 536 560; x_wconf 80' lang='lat' dir='ltr'>eredens</span> <span class='ocrx_word' id='word_1_14' title='bbox 551 515 761 570; x_wconf 83' lang='lat' dir='ltr'>pecuniam</span> <span class='ocrx_word' id='word_1_15' title='bbox 794 514 899 567; x_wconf 84' lang='lat' dir='ltr'>patri</span> <span class='ocrx_word' id='word_1_16' title='bbox 913 515 962 557; x_wconf 84' lang='lat' dir='ltr'>ad</span> <span class='ocrx_word' id='word_1_17' title='bbox 977 514 1164 556; x_wconf 86' lang='lat' dir='ltr'>alendum</span> 
     </span>
     <span class='ocr_line' id='line_1_6' title="bbox 404 570 1163 618; baseline -0.005 -5"><span class='ocrx_word' id='word_1_18' title='bbox 404 572 539 614; x_wconf 83' lang='lat' dir='ltr'>filium</span> <span class='ocrx_word' id='word_1_19' title='bbox 552 601 565 618; x_wconf 90' lang='lat'><em>,</em></span> <span class='ocrx_word' id='word_1_20' title='bbox 594 570 796 613; x_wconf 69' lang='lat' dir='ltr'>actionem</span> <span class='ocrx_word' id='word_1_21' title='bbox 809 570 928 613; x_wconf 86' lang='lat' dir='ltr'>habet</span> <span class='ocrx_word' id='word_1_22' title='bbox 945 571 986 613; x_wconf 90' lang='lat' dir='ltr'>in</span> <span class='ocrx_word' id='word_1_23' title='bbox 1015 570 1163 612; x_wconf 89' lang='lat' dir='ltr'>filium.</span> 
     </span>
    </p>

    <p class='ocr_par' dir='ltr' id='par_1_3' title="bbox 1083 635 1162 666">
     <span class='ocr_line' id='line_1_7' title="bbox 1083 635 1162 666; baseline 0.013 -1"><span class='ocrx_word' id='word_1_24' title='bbox 1083 640 1104 665; x_wconf 91' lang='lat'><em>2</em></span> <span class='ocrx_word' id='word_1_25' title='bbox 1114 639 1128 665; x_wconf 90' lang='grc' dir='ltr'>Ι</span> <span class='ocrx_word' id='word_1_26' title='bbox 1139 635 1162 666; x_wconf 87' lang='grc'><em>6</em></span> 
     </span>
    </p>

    <p class='ocr_par' dir='ltr' id='par_1_4' title="bbox 349 679 1163 1236">
     <span class='ocr_line' id='line_1_8' title="bbox 350 679 1163 737; baseline -0.004 -13"><span class='ocrx_word' id='word_1_27' title='bbox 350 679 547 724; x_wconf 77' lang='lat' dir='ltr'>Creditur</span> <span class='ocrx_word' id='word_1_28' title='bbox 570 692 727 724; x_wconf 87' lang='lat' dir='ltr'>tenetur</span> <span class='ocrx_word' id='word_1_29' title='bbox 740 682 789 724; x_wconf 88' lang='lat' dir='ltr'>de</span> <span class='ocrx_word' id='word_1_30' title='bbox 805 682 1001 737; x_wconf 84' lang='lat' dir='ltr'><strong>perceptis</strong></span> <span class='ocrx_word' id='word_1_31' title='bbox 1017 681 1163 723; x_wconf 62' lang='lat' dir='ltr'>frueti-</span> 
     </span>
     <span class='ocr_line' id='line_1_9' title="bbox 407 735 1162 790; baseline -0.001 -13"><span class='ocrx_word' id='word_1_32' title='bbox 407 738 480 778; x_wconf 87' lang='lat' dir='ltr'>bus</span> <span class='ocrx_word' id='word_1_33' title='bbox 501 735 613 790; x_wconf 88' lang='lat' dir='ltr'>supra</span> <span class='ocrx_word' id='word_1_34' title='bbox 627 738 802 778; x_wconf 77' lang='lat' dir='ltr'>usuram.</span> <span class='ocrx_word' id='word_1_35' title='bbox 1077 738 1162 779; x_wconf 80' lang='lat'>216</span> 
     </span>
     <span class='ocr_line' id='line_1_10' title="bbox 350 790 1156 844; baseline -0.004 -9"><span class='ocrx_word' id='word_1_36' title='bbox 350 790 485 844; x_wconf 83' lang='lat' dir='ltr'>Culpa</span> <span class='ocrx_word' id='word_1_37' title='bbox 501 792 576 832; x_wconf 83' lang='lat' dir='ltr'>fine</span> <span class='ocrx_word' id='word_1_38' title='bbox 590 793 688 834; x_wconf 91' lang='lat' dir='ltr'>dolo</span> <span class='ocrx_word' id='word_1_39' title='bbox 704 792 844 834; x_wconf 87' lang='lat' dir='ltr'>sufficit</span> <span class='ocrx_word' id='word_1_40' title='bbox 873 792 924 835; x_wconf 79' lang='lat' dir='ltr'>ad</span> <span class='ocrx_word' id='word_1_41' title='bbox 939 790 1156 835; x_wconf 86' lang='lat' dir='ltr'>restitutio-</span> 
     </span>
     <span class='ocr_line' id='line_1_11' title="bbox 402 846 1162 903; baseline 0.001 -16"><span class='ocrx_word' id='word_1_42' title='bbox 402 846 465 888; x_wconf 86' lang='lat' dir='ltr'>nis</span> <span class='ocrx_word' id='word_1_43' title='bbox 479 847 789 903; x_wconf 82' lang='lat' dir='ltr'>obligationem-</span> <span class='ocrx_word' id='word_1_44' title='bbox 1081 862 1097 895; x_wconf 84' lang='lat'>5</span> <span class='ocrx_word' id='word_1_45' title='bbox 1110 858 1124 884; x_wconf 88' lang='lat'>1</span> <span class='ocrx_word' id='word_1_46' title='bbox 1133 860 1162 888; x_wconf 94' lang='lat'>0</span> 
     </span>
     <span class='ocr_line' id='line_1_12' title="bbox 351 900 1161 962; baseline -0.005 -17"><span class='ocrx_word' id='word_1_47' title='bbox 351 900 490 962; x_wconf 74' lang='lat' dir='ltr'>Culpa</span> <span class='ocrx_word' id='word_1_48' title='bbox 503 903 640 946; x_wconf 87' lang='lat' dir='ltr'>media</span> <span class='ocrx_word' id='word_1_49' title='bbox 654 904 759 946; x_wconf 87' lang='lat' dir='ltr'>inter</span> <span class='ocrx_word' id='word_1_50' title='bbox 770 902 959 956; x_wconf 88' lang='lat' dir='ltr'>injuriam</span> <span class='ocrx_word' id='word_1_51' title='bbox 974 905 1020 947; x_wconf 87' lang='lat'>&amp;</span> <span class='ocrx_word' id='word_1_52' title='bbox 1034 903 1161 945; x_wconf 83' lang='lat' dir='ltr'>infor-</span> 
     </span>
     <span class='ocr_line' id='line_1_13' title="bbox 403 969 1159 1008; baseline -0.001 -11"><span class='ocrx_word' id='word_1_53' title='bbox 403 969 580 999; x_wconf 85' lang='lat' dir='ltr'>tunium.</span> <span class='ocrx_word' id='word_1_54' title='bbox 1080 974 1095 1006; x_wconf 87' lang='lat'>5</span> <span class='ocrx_word' id='word_1_55' title='bbox 1111 970 1159 1008; x_wconf 85' lang='lat'>14</span> 
     </span>
     <span class='ocr_line' id='line_1_14' title="bbox 349 1012 1153 1068; baseline -0.004 -12"><span class='ocrx_word' id='word_1_56' title='bbox 349 1012 573 1056; x_wconf 78' lang='lat' dir='ltr'>Curatores</span> <span class='ocrx_word' id='word_1_57' title='bbox 589 1012 702 1068; x_wconf 73' lang='lat' dir='ltr'>regni</span> <span class='ocrx_word' id='word_1_58' title='bbox 717 1013 921 1057; x_wconf 86' lang='lat' dir='ltr'>summum</span> <span class='ocrx_word' id='word_1_59' title='bbox 935 1012 1153 1068; x_wconf 78' lang='lat' dir='ltr'>imperium</span> 
     </span>
     <span class='ocr_line' id='line_1_15' title="bbox 401 1068 1157 1122; baseline 0.001 -12"><span class='ocrx_word' id='word_1_60' title='bbox 401 1068 546 1110; x_wconf 83' lang='lat' dir='ltr'>habere</span> <span class='ocrx_word' id='word_1_61' title='bbox 561 1069 731 1122; x_wconf 81' lang='lat' dir='ltr'><strong>possunt.</strong></span> <span class='ocrx_word' id='word_1_62' title='bbox 1107 1079 1157 1122; x_wconf 80' lang='lat'>59</span> 
     </span>
     <span class='ocr_line' id='line_1_16' title="bbox 351 1123 1155 1172; baseline 0.009 -7"><span class='ocrx_word' id='word_1_63' title='bbox 351 1123 418 1165; x_wconf 89' lang='lat' dir='ltr'>Cu</span> <span class='ocrx_word' id='word_1_64' title='bbox 425 1138 474 1164; x_wconf 82' lang='lat' dir='ltr'>rae</span> <span class='ocrx_word' id='word_1_65' title='bbox 486 1124 642 1166; x_wconf 81' lang='lat' dir='ltr'>clericis</span> <span class='ocrx_word' id='word_1_66' title='bbox 659 1124 894 1167; x_wconf 68' lang='lat' dir='ltr'>interdictae.</span> <span class='ocrx_word' id='word_1_67' title='bbox 1108 1135 1129 1172; x_wconf 81' lang='lat'>3</span> <span class='ocrx_word' id='word_1_68' title='bbox 1140 1140 1155 1172; x_wconf 84' lang='lat'>5</span> 
     </span>
     <span class='ocr_line' id='line_1_17' title="bbox 351 1178 1160 1236; baseline -0.001 -13"><span class='ocrx_word' id='word_1_69' title='bbox 351 1178 454 1236; x_wconf 88' lang='lat' dir='ltr'>Cyri</span> <span class='ocrx_word' id='word_1_70' title='bbox 470 1182 514 1223; x_wconf 86' lang='lat'>&amp;</span> <span class='ocrx_word' id='word_1_71' title='bbox 527 1182 669 1223; x_wconf 84' lang='lat' dir='ltr'>Arficae</span> <span class='ocrx_word' id='word_1_72' title='bbox 683 1180 969 1224; x_wconf 70' lang='lat' dir='ltr'>controversia.</span> <span class='ocrx_word' id='word_1_73' title='bbox 1079 1196 1097 1231; x_wconf 71' lang='lat'>1</span> <span class='ocrx_word' id='word_1_74' title='bbox 1108 1183 1127 1219; x_wconf 85' lang='lat'>8</span> <span class='ocrx_word' id='word_1_75' title='bbox 1136 1183 1160 1222; x_wconf 89' lang='lat'>6</span> 
     </span>
    </p>
   </div>
   <div class='ocr_carea' id='block_1_3' title="bbox 717 1293 774 1335">
    <p class='ocr_par' dir='ltr' id='par_1_5' title="bbox 717 1293 774 1335">
     <span class='ocr_line' id='line_1_18' title="bbox 717 1293 774 1335; baseline -0.018 0"><span class='ocrx_word' id='word_1_76' title='bbox 717 1293 774 1335; x_wconf 92' lang='lat' dir='ltr'>D.</span> 
     </span>
    </p>
   </div>
   <div class='ocr_carea' id='block_1_4' title="bbox 349 1401 1167 3341">
    <p class='ocr_par' dir='ltr' id='par_1_6' title="bbox 349 1401 1167 3341">
     <span class='ocr_line' id='line_1_19' title="bbox 468 1401 1159 1457; baseline -0.006 -13"><span class='ocrx_word' id='word_1_77' title='bbox 468 1402 644 1444; x_wconf 86' lang='lat' dir='ltr'><strong>Amnum</strong></span> <span class='ocrx_word' id='word_1_78' title='bbox 655 1402 754 1457; x_wconf 90' lang='lat' dir='ltr'>quid</span> <span class='ocrx_word' id='word_1_79' title='bbox 772 1435 783 1454; x_wconf 91' lang='lat'>‚</span> <span class='ocrx_word' id='word_1_80' title='bbox 799 1404 844 1445; x_wconf 75' lang='grc' dir='ltr'>δε</span> <span class='ocrx_word' id='word_1_81' title='bbox 858 1403 964 1445; x_wconf 86' lang='lat' dir='ltr'>unde</span> <span class='ocrx_word' id='word_1_82' title='bbox 987 1401 1159 1445; x_wconf 64' lang='lat' dir='ltr'>dietum.</span> 
     </span>
     <span class='ocr_line' id='line_1_20' title="bbox 1077 1460 1157 1509; baseline 0 -14"><span class='ocrx_word' id='word_1_83' title='bbox 1077 1460 1157 1509; x_wconf 81' lang='lat'>289</span> 
     </span>
     <span class='ocr_line' id='line_1_21' title="bbox 349 1512 1163 1558; baseline -0.006 -1"><span class='ocrx_word' id='word_1_84' title='bbox 349 1517 558 1558; x_wconf 82' lang='lat' dir='ltr'><strong>Damnum</strong></span> <span class='ocrx_word' id='word_1_85' title='bbox 574 1523 716 1556; x_wconf 83' lang='lat' dir='ltr'>contra</span> <span class='ocrx_word' id='word_1_86' title='bbox 731 1513 932 1556; x_wconf 88' lang='lat' dir='ltr'>honorem</span> <span class='ocrx_word' id='word_1_87' title='bbox 952 1514 996 1555; x_wconf 71' lang='grc' dir='ltr'>ὅ(</span> <span class='ocrx_word' id='word_1_88' title='bbox 1012 1512 1163 1554; x_wconf 82' lang='lat' dir='ltr'>famam</span> 
     </span>
     <span class='ocr_line' id='line_1_22' title="bbox 403 1571 1161 1619; baseline -0.004 -7"><span class='ocrx_word' id='word_1_89' title='bbox 403 1571 557 1613; x_wconf 82' lang='lat' dir='ltr'>datum.</span> <span class='ocrx_word' id='word_1_90' title='bbox 1080 1581 1134 1619; x_wconf 81' lang='lat'>29</span> <span class='ocrx_word' id='word_1_91' title='bbox 1142 1577 1161 1616; x_wconf 88' lang='lat'><em>3</em></span> 
     </span>
     <span class='ocr_line' id='line_1_23' title="bbox 349 1624 1159 1682; baseline -0.007 -11"><span class='ocrx_word' id='word_1_92' title='bbox 349 1628 557 1670; x_wconf 85' lang='lat' dir='ltr'>Damnum</span> <span class='ocrx_word' id='word_1_93' title='bbox 573 1625 760 1669; x_wconf 80' lang='lat' dir='ltr'>faciendo</span> <span class='ocrx_word' id='word_1_94' title='bbox 787 1626 1000 1682; x_wconf 88' lang='lat' dir='ltr'>quomodo</span> <span class='ocrx_word' id='word_1_95' title='bbox 1029 1624 1159 1666; x_wconf 88' lang='lat' dir='ltr'>detur.</span> 
     </span>
     <span class='ocr_line' id='line_1_24' title="bbox 1075 1691 1161 1730; baseline -0.023 -9"><span class='ocrx_word' id='word_1_96' title='bbox 1075 1691 1161 1730; x_wconf 87' lang='lat'>290</span> 
     </span>
     <span class='ocr_line' id='line_1_25' title="bbox 349 1734 1167 1791; baseline -0.006 -10"><span class='ocrx_word' id='word_1_97' title='bbox 349 1738 561 1782; x_wconf 85' lang='lat' dir='ltr'><strong>Damnum</strong></span> <span class='ocrx_word' id='word_1_98' title='bbox 573 1750 655 1780; x_wconf 89' lang='lat' dir='ltr'>non</span> <span class='ocrx_word' id='word_1_99' title='bbox 670 1737 855 1781; x_wconf 84' lang='lat' dir='ltr'>faciendo</span> <span class='ocrx_word' id='word_1_100' title='bbox 870 1734 1085 1791; x_wconf 89' lang='lat' dir='ltr'>quomodo</span> <span class='ocrx_word' id='word_1_101' title='bbox 1100 1735 1167 1776; x_wconf 91' lang='lat' dir='ltr'>de-</span> 
     </span>
     <span class='ocr_line' id='line_1_26' title="bbox 404 1801 1161 1837; baseline -0.004 -3"><span class='ocrx_word' id='word_1_102' title='bbox 404 1806 486 1836; x_wconf 88' lang='lat' dir='ltr'>tur.</span> <span class='ocrx_word' id='word_1_103' title='bbox 1079 1801 1161 1837; x_wconf 86' lang='lat'>290</span> 
     </span>
     <span class='ocr_line' id='line_1_27' title="bbox 349 1845 1163 1902; baseline -0.006 -10"><span class='ocrx_word' id='word_1_104' title='bbox 349 1849 502 1892; x_wconf 87' lang='lat' dir='ltr'>Damni</span> <span class='ocrx_word' id='word_1_105' title='bbox 518 1851 670 1893; x_wconf 72' lang='lat' dir='ltr'>directe</span> <span class='ocrx_word' id='word_1_106' title='bbox 686 1849 786 1900; x_wconf 84' lang='lat' dir='ltr'>dati,</span> <span class='ocrx_word' id='word_1_107' title='bbox 804 1850 848 1890; x_wconf 85' lang='lat'>&amp;</span> <span class='ocrx_word' id='word_1_108' title='bbox 864 1848 903 1889; x_wconf 88' lang='lat' dir='ltr'>in</span> <span class='ocrx_word' id='word_1_109' title='bbox 919 1845 1163 1902; x_wconf 88' lang='lat' dir='ltr'>consequen-</span> 
     </span>
     <span class='ocr_line' id='line_1_28' title="bbox 391 1905 1166 1955; baseline -0.001 -10"><span class='ocrx_word' id='word_1_110' title='bbox 391 1905 507 1955; x_wconf 85' lang='lat' dir='ltr'>tiam,</span> <span class='ocrx_word' id='word_1_111' title='bbox 524 1905 736 1954; x_wconf 55' lang='lat' dir='ltr'>distinctio.</span> <span class='ocrx_word' id='word_1_112' title='bbox 1080 1911 1099 1954; x_wconf 83' lang='lat'><em>3</em></span> <span class='ocrx_word' id='word_1_113' title='bbox 1108 1913 1166 1953; x_wconf 89' lang='lat'>74</span> 
     </span>
     <span class='ocr_line' id='line_1_29' title="bbox 351 1958 1159 2016; baseline -0.006 -15"><span class='ocrx_word' id='word_1_114' title='bbox 351 1961 505 2002; x_wconf 87' lang='lat' dir='ltr'>Damni</span> <span class='ocrx_word' id='word_1_115' title='bbox 519 1962 633 2003; x_wconf 84' lang='lat' dir='ltr'>causa</span> <span class='ocrx_word' id='word_1_116' title='bbox 649 1961 717 2016; x_wconf 85' lang='lat' dir='ltr'>qni</span> <span class='ocrx_word' id='word_1_117' title='bbox 734 1958 929 2000; x_wconf 83' lang='lat' dir='ltr'>dicantur.</span> <span class='ocrx_word' id='word_1_118' title='bbox 1085 1971 1134 2005; x_wconf 89' lang='lat'>29</span> <span class='ocrx_word' id='word_1_119' title='bbox 1144 1969 1159 1995; x_wconf 92' lang='lat'>1</span> 
     </span>
     <span class='ocr_line' id='line_1_30' title="bbox 351 2014 1163 2069; baseline -0.009 -10"><span class='ocrx_word' id='word_1_120' title='bbox 351 2017 503 2062; x_wconf 80' lang='lat' dir='ltr'>Damni</span> <span class='ocrx_word' id='word_1_121' title='bbox 535 2017 619 2058; x_wconf 85' lang='lat' dir='ltr'>dati</span> <span class='ocrx_word' id='word_1_122' title='bbox 648 2014 928 2069; x_wconf 73' lang='lat' dir='ltr'>consequentia</span> <span class='ocrx_word' id='word_1_123' title='bbox 954 2027 1043 2068; x_wconf 82' lang='lat' dir='ltr'>quae</span> <span class='ocrx_word' id='word_1_124' title='bbox 1069 2024 1163 2053; x_wconf 86' lang='lat' dir='ltr'>cen-</span> 
     </span>
     <span class='ocr_line' id='line_1_31' title="bbox 405 2067 1158 2114; baseline -0.004 0"><span class='ocrx_word' id='word_1_125' title='bbox 405 2067 575 2114; x_wconf 86' lang='lat' dir='ltr'>seantur.</span> <span class='ocrx_word' id='word_1_126' title='bbox 1081 2078 1158 2114; x_wconf 84' lang='lat'>291</span> 
     </span>
     <span class='ocr_line' id='line_1_32' title="bbox 351 2121 1160 2217; baseline -0.006 -48"><span class='ocrx_word' id='word_1_127' title='bbox 351 2127 512 2169; x_wconf 86' lang='lat' dir='ltr'>Damna</span> <span class='ocrx_word' id='word_1_128' title='bbox 526 2127 566 2169; x_wconf 89' lang='lat' dir='ltr'>in</span> <span class='ocrx_word' id='word_1_129' title='bbox 582 2125 709 2169; x_wconf 86' lang='lat' dir='ltr'>dubio</span> <span class='ocrx_word' id='word_1_130' title='bbox 724 2137 820 2179; x_wconf 85' lang='lat' dir='ltr'>pace</span> <span class='ocrx_word' id='word_1_131' title='bbox 836 2123 989 2166; x_wconf 89' lang='lat' dir='ltr'>remissa</span> <span class='ocrx_word' id='word_1_132' title='bbox 1004 2121 1160 2217; x_wconf 42' lang='lat' dir='ltr'>censen}-3</span> 
     </span>
     <span class='ocr_line' id='line_1_33' title="bbox 407 2189 1131 2230; baseline -0.007 -7"><span class='ocrx_word' id='word_1_133' title='bbox 407 2195 487 2223; x_wconf 88' lang='lat' dir='ltr'>tur.</span> <span class='ocrx_word' id='word_1_134' title='bbox 1081 2189 1131 2230; x_wconf 90' lang='lat'>57</span> 
     </span>
     <span class='ocr_line' id='line_1_34' title="bbox 352 2233 1163 2289; baseline -0.007 -9"><span class='ocrx_word' id='word_1_135' title='bbox 352 2237 505 2280; x_wconf 81' lang='lat' dir='ltr'>Datum</span> <span class='ocrx_word' id='word_1_136' title='bbox 535 2237 591 2279; x_wconf 85' lang='lat' dir='ltr'>ob</span> <span class='ocrx_word' id='word_1_137' title='bbox 621 2235 780 2289; x_wconf 80' lang='lat' dir='ltr'>causam</span> <span class='ocrx_word' id='word_1_138' title='bbox 807 2245 968 2289; x_wconf 85' lang='lat' dir='ltr'>turpem</span> <span class='ocrx_word' id='word_1_139' title='bbox 995 2233 1163 2275; x_wconf 89' lang='lat' dir='ltr'>retineri</span> 
     </span>
     <span class='ocr_line' id='line_1_35' title="bbox 406 2292 1161 2348; baseline -0.008 -14"><span class='ocrx_word' id='word_1_140' title='bbox 406 2292 550 2347; x_wconf 86' lang='lat' dir='ltr'>potest.</span> <span class='ocrx_word' id='word_1_141' title='bbox 1081 2299 1161 2348; x_wconf 78' lang='lat'>2¹7.</span> 
     </span>
     <span class='ocr_line' id='line_1_36' title="bbox 353 2343 1161 2398; baseline -0.007 -8"><span class='ocrx_word' id='word_1_142' title='bbox 353 2349 508 2391; x_wconf 84' lang='lat' dir='ltr'>Datum</span> <span class='ocrx_word' id='word_1_143' title='bbox 523 2349 577 2389; x_wconf 90' lang='lat' dir='ltr'>ob</span> <span class='ocrx_word' id='word_1_144' title='bbox 588 2360 672 2388; x_wconf 87' lang='lat' dir='ltr'>rem</span> <span class='ocrx_word' id='word_1_145' title='bbox 688 2345 912 2394; x_wconf 88' lang='lat' dir='ltr'>honestam,</span> <span class='ocrx_word' id='word_1_146' title='bbox 927 2344 991 2384; x_wconf 89' lang='lat' dir='ltr'>sed</span> <span class='ocrx_word' id='word_1_147' title='bbox 1007 2343 1161 2398; x_wconf 86' lang='lat' dir='ltr'>alioqui</span> 
     </span>
     <span class='ocr_line' id='line_1_37' title="bbox 405 2397 1160 2452; baseline -0.008 -6"><span class='ocrx_word' id='word_1_148' title='bbox 405 2404 601 2452; x_wconf 79' lang='lat' dir='ltr'>debitam,</span> <span class='ocrx_word' id='word_1_149' title='bbox 616 2416 665 2443; x_wconf 82' lang='lat' dir='ltr'>an</span> <span class='ocrx_word' id='word_1_150' title='bbox 682 2400 845 2442; x_wconf 86' lang='lat' dir='ltr'>retineri</span> <span class='ocrx_word' id='word_1_151' title='bbox 867 2397 993 2452; x_wconf 85' lang='lat' dir='ltr'>poflit.</span> <span class='ocrx_word' id='word_1_152' title='bbox 1079 2410 1160 2451; x_wconf 81' lang='lat'>217</span> 
     </span>
     <span class='ocr_line' id='line_1_38' title="bbox 354 2453 1164 2511; baseline -0.01 -9"><span class='ocrx_word' id='word_1_153' title='bbox 354 2459 489 2502; x_wconf 82' lang='lat' dir='ltr'>David</span> <span class='ocrx_word' id='word_1_154' title='bbox 519 2472 602 2511; x_wconf 86' lang='lat' dir='ltr'>quo</span> <span class='ocrx_word' id='word_1_155' title='bbox 631 2458 759 2502; x_wconf 88' lang='lat' dir='ltr'>modo</span> <span class='ocrx_word' id='word_1_156' title='bbox 775 2457 820 2497; x_wconf 88' lang='lat'>&amp;</span> <span class='ocrx_word' id='word_1_157' title='bbox 835 2466 1030 2509; x_wconf 83' lang='lat' dir='ltr'>quatenus</span> <span class='ocrx_word' id='word_1_158' title='bbox 1052 2453 1164 2496; x_wconf 87' lang='lat' dir='ltr'>Sauli</span> 
     </span>
     <span class='ocr_line' id='line_1_39' title="bbox 408 2512 1161 2570; baseline -0.012 -14"><span class='ocrx_word' id='word_1_159' title='bbox 408 2513 567 2557; x_wconf 82' lang='lat' dir='ltr'>restitit.</span> <span class='ocrx_word' id='word_1_160' title='bbox 948 2563 958 2570; x_wconf 90' lang='lat'><em>.</em></span> <span class='ocrx_word' id='word_1_161' title='bbox 1108 2512 1161 2562; x_wconf 83' lang='lat'>87</span> 
     </span>
     <span class='ocr_line' id='line_1_40' title="bbox 355 2563 1158 2620; baseline -0.014 -8"><span class='ocrx_word' id='word_1_162' title='bbox 355 2569 492 2614; x_wconf 85' lang='lat' dir='ltr'>David</span> <span class='ocrx_word' id='word_1_163' title='bbox 508 2581 568 2609; x_wconf 88' lang='lat' dir='ltr'>res</span> <span class='ocrx_word' id='word_1_164' title='bbox 581 2564 849 2620; x_wconf 81' lang='lat' dir='ltr'>acquiritjure</span> <span class='ocrx_word' id='word_1_165' title='bbox 865 2563 975 2605; x_wconf 87' lang='lat' dir='ltr'>belli.</span> <span class='ocrx_word' id='word_1_166' title='bbox 1076 2574 1158 2616; x_wconf 83' lang='lat'>475</span> 
     </span>
     <span class='ocr_line' id='line_1_41' title="bbox 355 2618 1162 2677; baseline -0.009 -8"><span class='ocrx_word' id='word_1_167' title='bbox 355 2625 493 2670; x_wconf 87' lang='lat' dir='ltr'>David</span> <span class='ocrx_word' id='word_1_168' title='bbox 521 2627 542 2664; x_wconf 72' lang='lat' dir='ltr'>a</span> <span class='ocrx_word' id='word_1_169' title='bbox 550 2623 782 2677; x_wconf 81' lang='lat' dir='ltr'>juramento</span> <span class='ocrx_word' id='word_1_170' title='bbox 796 2619 943 2661; x_wconf 90' lang='lat' dir='ltr'>illicito</span> <span class='ocrx_word' id='word_1_171' title='bbox 957 2618 1162 2672; x_wconf 87' lang='lat' dir='ltr'>implendo</span> 
     </span>
     <span class='ocr_line' id='line_1_42' title="bbox 415 2679 1159 2724; baseline -0.013 -2"><span class='ocrx_word' id='word_1_172' title='bbox 415 2679 595 2722; x_wconf 86' lang='lat' dir='ltr'>abstinet.</span> <span class='ocrx_word' id='word_1_173' title='bbox 1084 2687 1159 2724; x_wconf 80' lang='lat'>245</span> 
     </span>
     <span class='ocr_line' id='line_1_43' title="bbox 355 2729 1162 2784; baseline -0.012 -4"><span class='ocrx_word' id='word_1_174' title='bbox 355 2735 542 2780; x_wconf 84' lang='lat' dir='ltr'>Debendi</span> <span class='ocrx_word' id='word_1_175' title='bbox 559 2747 637 2776; x_wconf 85' lang='lat' dir='ltr'>vox</span> <span class='ocrx_word' id='word_1_176' title='bbox 653 2729 823 2776; x_wconf 87' lang='lat' dir='ltr'>diversas</span> <span class='ocrx_word' id='word_1_177' title='bbox 832 2729 953 2772; x_wconf 81' lang='lat' dir='ltr'>habet</span> <span class='ocrx_word' id='word_1_178' title='bbox 969 2729 1162 2784; x_wconf 80' lang='lat' dir='ltr'>fignifica-</span> 
     </span>
     <span class='ocr_line' id='line_1_44' title="bbox 409 2789 1162 2837; baseline -0.009 -4"><span class='ocrx_word' id='word_1_179' title='bbox 409 2792 556 2833; x_wconf 85' lang='lat' dir='ltr'>tiones.</span> <span class='ocrx_word' id='word_1_180' title='bbox 1080 2797 1095 2824; x_wconf 86' lang='lat'>1</span> <span class='ocrx_word' id='word_1_181' title='bbox 1106 2789 1162 2837; x_wconf 88' lang='lat'>76</span> 
     </span>
     <span class='ocr_line' id='line_1_45' title="bbox 358 2836 1160 2895; baseline -0.017 -6"><span class='ocrx_word' id='word_1_182' title='bbox 358 2846 554 2890; x_wconf 87' lang='lat' dir='ltr'>Debitum</span> <span class='ocrx_word' id='word_1_183' title='bbox 578 2857 659 2885; x_wconf 88' lang='lat' dir='ltr'>non</span> <span class='ocrx_word' id='word_1_184' title='bbox 692 2856 742 2884; x_wconf 80' lang='lat' dir='ltr'>ex</span> <span class='ocrx_word' id='word_1_185' title='bbox 752 2839 904 2895; x_wconf 82' lang='lat' dir='ltr'>justitia</span> <span class='ocrx_word' id='word_1_186' title='bbox 919 2836 1076 2881; x_wconf 86' lang='lat' dir='ltr'>causam</span> <span class='ocrx_word' id='word_1_187' title='bbox 1099 2841 1160 2893; x_wconf 87' lang='lat' dir='ltr'>ju.</span> 
     </span>
     <span class='ocr_line' id='line_1_46' title="bbox 412 2898 1162 2944; baseline -0.009 -3"><span class='ocrx_word' id='word_1_188' title='bbox 412 2901 510 2941; x_wconf 86' lang='lat' dir='ltr'>stam</span> <span class='ocrx_word' id='word_1_189' title='bbox 525 2900 633 2940; x_wconf 92' lang='lat' dir='ltr'>bello</span> <span class='ocrx_word' id='word_1_190' title='bbox 647 2911 728 2938; x_wconf 86' lang='lat' dir='ltr'>non</span> <span class='ocrx_word' id='word_1_191' title='bbox 743 2898 826 2938; x_wconf 86' lang='lat' dir='ltr'>dat.</span> <span class='ocrx_word' id='word_1_192' title='bbox 1086 2906 1106 2944; x_wconf 86' lang='lat'>3</span> <span class='ocrx_word' id='word_1_193' title='bbox 1116 2899 1162 2939; x_wconf 82' lang='lat'>88</span> 
     </span>
     <span class='ocr_line' id='line_1_47' title="bbox 359 2947 1164 3005; baseline -0.009 -7"><span class='ocrx_word' id='word_1_194' title='bbox 359 2954 507 3000; x_wconf 87' lang='lat' dir='ltr'>Debita</span> <span class='ocrx_word' id='word_1_195' title='bbox 521 2967 571 2995; x_wconf 85' lang='lat' dir='ltr'>an</span> <span class='ocrx_word' id='word_1_196' title='bbox 580 2951 735 2994; x_wconf 76' lang='lat' dir='ltr'>remissa</span> <span class='ocrx_word' id='word_1_197' title='bbox 761 2963 857 3005; x_wconf 89' lang='lat' dir='ltr'>pace</span> <span class='ocrx_word' id='word_1_198' title='bbox 870 2947 1164 3005; x_wconf 79' lang='lat' dir='ltr'>praesumantur.</span> 
     </span>
     <span class='ocr_line' id='line_1_48' title="bbox 1085 3021 1129 3056; baseline 0.045 -2"><span class='ocrx_word' id='word_1_199' title='bbox 1085 3024 1099 3054; x_wconf 83' lang='lat'><em>5</em></span> <span class='ocrx_word' id='word_1_200' title='bbox 1107 3021 1129 3056; x_wconf 91' lang='lat'>7</span> 
     </span>
     <span class='ocr_line' id='line_1_49' title="bbox 358 3019 1167 3118; baseline -0.006 -9"><span class='ocrx_word' id='word_1_201' title='bbox 358 3064 512 3109; x_wconf 87' lang='lat' dir='ltr'>Debito</span> <span class='ocrx_word' id='word_1_202' title='bbox 525 3061 789 3106; x_wconf 71' lang='lat' dir='ltr'>universitatis</span> <span class='ocrx_word' id='word_1_203' title='bbox 815 3073 863 3102; x_wconf 89' lang='lat' dir='ltr'>an</span> <span class='ocrx_word' id='word_1_204' title='bbox 891 3061 1034 3118; x_wconf 72' lang='lat' dir='ltr'>singuli</span> <span class='ocrx_word' id='word_1_205' title='bbox 1061 3019 1167 3104; x_wconf 73' lang='lat' dir='ltr'>obli7-</span> 
     </span>
     <span class='ocr_line' id='line_1_50' title="bbox 413 3121 1163 3176; baseline -0.005 -15"><span class='ocrx_word' id='word_1_206' title='bbox 413 3132 574 3175; x_wconf 83' lang='lat' dir='ltr'>genrur,</span> <span class='ocrx_word' id='word_1_207' title='bbox 591 3121 634 3161; x_wconf 73' lang='grc' dir='ltr'>δε</span> <span class='ocrx_word' id='word_1_208' title='bbox 649 3129 860 3176; x_wconf 74' lang='lat' dir='ltr'>quatenus.</span> <span class='ocrx_word' id='word_1_209' title='bbox 1091 3130 1103 3158; x_wconf 79' lang='grc' dir='ltr'><strong>ι</strong></span> <span class='ocrx_word' id='word_1_210' title='bbox 1120 3128 1163 3169; x_wconf 72' lang='lat'>55</span> 
     </span>
     <span class='ocr_line' id='line_1_51' title="bbox 360 3172 1167 3219; baseline -0.007 -1"><span class='ocrx_word' id='word_1_211' title='bbox 360 3175 603 3219; x_wconf 88' lang='lat' dir='ltr'>Debitorem</span> <span class='ocrx_word' id='word_1_212' title='bbox 616 3172 767 3215; x_wconf 87' lang='lat' dir='ltr'>carceri</span> <span class='ocrx_word' id='word_1_213' title='bbox 781 3184 959 3213; x_wconf 82' lang='lat' dir='ltr'>eximens</span> <span class='ocrx_word' id='word_1_214' title='bbox 973 3172 1167 3214; x_wconf 73' lang='lat' dir='ltr'>creditori</span> 
     </span>
     <span class='ocr_line' id='line_1_52' title="bbox 408 3241 582 3271; baseline 0 0"><span class='ocrx_word' id='word_1_215' title='bbox 408 3241 582 3271; x_wconf 84' lang='lat' dir='ltr'>tenetur.</span> 
     </span>
     <span class='ocr_line' id='line_1_53' title="bbox 361 3279 1165 3341; baseline -0.007 -11"><span class='ocrx_word' id='word_1_216' title='bbox 361 3284 631 3341; x_wconf 79' lang='lat' dir='ltr'>Deceptiones</span> <span class='ocrx_word' id='word_1_217' title='bbox 658 3295 747 3340; x_wconf 84' lang='lat' dir='ltr'>quae</span> <span class='ocrx_word' id='word_1_218' title='bbox 772 3279 949 3327; x_wconf 84' lang='lat' dir='ltr'>vitandae-</span> <span class='ocrx_word' id='word_1_219' title='bbox 974 3281 1165 3325; x_wconf 74' lang='lat' dir='ltr'>Christia-</span> 
     </span>
    </p>
   </div>
   <div class='ocr_carea' id='block_1_5' title="bbox 1207 362 2021 852">
    <p class='ocr_par' dir='ltr' id='par_1_7' title="bbox 1207 362 2021 852">
     <span class='ocr_line' id='line_1_54' title="bbox 1273 362 2018 405; baseline 0.011 -15"><span class='ocrx_word' id='word_1_220' title='bbox 1273 362 1347 392; x_wconf 86' lang='lat' dir='ltr'>nis.</span> <span class='ocrx_word' id='word_1_221' title='bbox 1939 362 2018 405; x_wconf 81' lang='lat'>536</span> 
     </span>
     <span class='ocr_line' id='line_1_55' title="bbox 1214 405 2018 463; baseline 0.011 -18"><span class='ocrx_word' id='word_1_222' title='bbox 1214 405 1551 448; x_wconf 85' lang='lat' dir='ltr'>Decemvirorum</span> <span class='ocrx_word' id='word_1_223' title='bbox 1568 406 1716 451; x_wconf 78' lang='lat' dir='ltr'>Roma:</span> <span class='ocrx_word' id='word_1_224' title='bbox 1741 409 2018 463; x_wconf 86' lang='lat' dir='ltr'>juramentum</span> 
     </span>
     <span class='ocr_line' id='line_1_56' title="bbox 1265 461 2015 516; baseline 0.011 -15"><span class='ocrx_word' id='word_1_225' title='bbox 1265 461 1315 502; x_wconf 84' lang='lat' dir='ltr'>de</span> <span class='ocrx_word' id='word_1_226' title='bbox 1331 475 1371 502; x_wconf 90' lang='lat' dir='ltr'>re</span> <span class='ocrx_word' id='word_1_227' title='bbox 1381 461 1537 503; x_wconf 86' lang='lat' dir='ltr'>illicita.</span> <span class='ocrx_word' id='word_1_228' title='bbox 1935 481 2015 516; x_wconf 77' lang='lat'>245</span> 
     </span>
     <span class='ocr_line' id='line_1_57' title="bbox 1211 516 2017 576; baseline 0.011 -20"><span class='ocrx_word' id='word_1_229' title='bbox 1211 516 1384 576; x_wconf 75' lang='lat' dir='ltr'>Decima</span> <span class='ocrx_word' id='word_1_230' title='bbox 1397 518 1446 568; x_wconf 80' lang='lat' dir='ltr'>de</span> <span class='ocrx_word' id='word_1_231' title='bbox 1460 518 1590 571; x_wconf 72' lang='lat' dir='ltr'>pracda</span> <span class='ocrx_word' id='word_1_232' title='bbox 1604 518 1840 563; x_wconf 78' lang='lat' dir='ltr'>consecrata.</span> <span class='ocrx_word' id='word_1_233' title='bbox 1928 534 2017 574; x_wconf 83' lang='lat'>472</span> 
     </span>
     <span class='ocr_line' id='line_1_58' title="bbox 1207 572 2016 627; baseline 0.009 -15"><span class='ocrx_word' id='word_1_234' title='bbox 1207 572 1381 614; x_wconf 86' lang='lat' dir='ltr'>Deditus</span> <span class='ocrx_word' id='word_1_235' title='bbox 1407 587 1480 615; x_wconf 88' lang='lat' dir='ltr'>nec</span> <span class='ocrx_word' id='word_1_236' title='bbox 1515 587 1698 627; x_wconf 80' lang='lat' dir='ltr'>receptus</span> <span class='ocrx_word' id='word_1_237' title='bbox 1725 590 1773 617; x_wconf 85' lang='lat' dir='ltr'>an</span> <span class='ocrx_word' id='word_1_238' title='bbox 1801 577 1904 618; x_wconf 86' lang='lat' dir='ltr'>civis</span> <span class='ocrx_word' id='word_1_239' title='bbox 1929 580 2016 619; x_wconf 76' lang='lat' dir='ltr'>iiia·</span> 
     </span>
     <span class='ocr_line' id='line_1_59' title="bbox 1265 636 2021 685; baseline 0.008 -18"><span class='ocrx_word' id='word_1_240' title='bbox 1265 638 1371 670; x_wconf 85' lang='lat' dir='ltr'>neat.</span> <span class='ocrx_word' id='word_1_241' title='bbox 1942 636 2021 685; x_wconf 86' lang='lat'>369</span> 
     </span>
     <span class='ocr_line' id='line_1_60' title="bbox 1213 682 2021 741; baseline 0.009 -18"><span class='ocrx_word' id='word_1_242' title='bbox 1213 682 1356 724; x_wconf 88' lang='lat' dir='ltr'>Dediti</span> <span class='ocrx_word' id='word_1_243' title='bbox 1370 684 1447 725; x_wconf 81' lang='lat' dir='ltr'>fine</span> <span class='ocrx_word' id='word_1_244' title='bbox 1472 684 1709 727; x_wconf 83' lang='lat' dir='ltr'>conditione</span> <span class='ocrx_word' id='word_1_245' title='bbox 1726 700 1771 728; x_wconf 84' lang='lat' dir='ltr'>an</span> <span class='ocrx_word' id='word_1_246' title='bbox 1786 686 1921 730; x_wconf 89' lang='lat' dir='ltr'>occidi</span> <span class='ocrx_word' id='word_1_247' title='bbox 1931 688 2021 741; x_wconf 85' lang='lat' dir='ltr'>pos-</span> 
     </span>
     <span class='ocr_line' id='line_1_61' title="bbox 1265 738 2020 792; baseline 0.008 -14"><span class='ocrx_word' id='word_1_248' title='bbox 1265 738 1358 779; x_wconf 85' lang='lat' dir='ltr'>fint.</span> <span class='ocrx_word' id='word_1_249' title='bbox 1928 747 2020 792; x_wconf 85' lang='lat'>460</span> 
     </span>
     <span class='ocr_line' id='line_1_62' title="bbox 1212 793 2021 852; baseline 0.007 -18"><span class='ocrx_word' id='word_1_250' title='bbox 1212 793 1380 835; x_wconf 87' lang='lat' dir='ltr'>Deditio</span> <span class='ocrx_word' id='word_1_251' title='bbox 1405 793 1711 847; x_wconf 83' lang='lat' dir='ltr'>conditionata,</span> <span class='ocrx_word' id='word_1_252' title='bbox 1744 799 1790 840; x_wconf 89' lang='lat'>&amp;</span> <span class='ocrx_word' id='word_1_253' title='bbox 1816 811 1899 852; x_wconf 73' lang='lat' dir='ltr'>ejus</span> <span class='ocrx_word' id='word_1_254' title='bbox 1925 798 2021 840; x_wconf 83' lang='lat' dir='ltr'>effe-</span> 
     </span>
    </p>
   </div>
   <div class='ocr_carea' id='block_1_6' title="bbox 1209 851 2022 1014">
    <p class='ocr_par' dir='ltr' id='par_1_8' title="bbox 1209 851 2022 1014">
     <span class='ocr_line' id='line_1_63' title="bbox 1260 851 2022 907; baseline 0.005 -16"><span class='ocrx_word' id='word_1_255' title='bbox 1260 851 1360 891; x_wconf 67' lang='grc' dir='ltr'><strong><em>ἅτις.</em></strong></span> <span class='ocrx_word' id='word_1_256' title='bbox 1935 858 1988 895; x_wconf 87' lang='lat'>26</span> <span class='ocrx_word' id='word_1_257' title='bbox 1998 865 2022 907; x_wconf 84' lang='grc' dir='ltr'><strong>ς</strong></span> 
     </span>
     <span class='ocr_line' id='line_1_64' title="bbox 1209 902 2018 964; baseline 0.007 -20"><span class='ocrx_word' id='word_1_258' title='bbox 1209 903 1348 964; x_wconf 81' lang='lat' dir='ltr'>Dediti</span> <span class='ocrx_word' id='word_1_259' title='bbox 1363 905 1524 964; x_wconf 75' lang='lat' dir='ltr'>quando</span> <span class='ocrx_word' id='word_1_260' title='bbox 1540 902 1680 960; x_wconf 84' lang='lat' dir='ltr'>poffint</span> <span class='ocrx_word' id='word_1_261' title='bbox 1692 906 1880 949; x_wconf 83' lang='lat' dir='ltr'>interfici.</span> <span class='ocrx_word' id='word_1_262' title='bbox 1939 920 1987 964; x_wconf 85' lang='lat'>52</span> <span class='ocrx_word' id='word_1_263' title='bbox 1992 919 2018 962; x_wconf 82' lang='lat'><em>3</em></span> 
     </span>
     <span class='ocr_line' id='line_1_65' title="bbox 1210 959 2020 1014; baseline 0.007 -14"><span class='ocrx_word' id='word_1_264' title='bbox 1210 959 1349 1001; x_wconf 85' lang='lat' dir='ltr'>Dediti</span> <span class='ocrx_word' id='word_1_265' title='bbox 1366 961 1596 1013; x_wconf 86' lang='lat' dir='ltr'>recipiendi.</span> <span class='ocrx_word' id='word_1_266' title='bbox 1937 976 2020 1014; x_wconf 75' lang='lat'>522</span> 
     </span>
    </p>
   </div>
   <div class='ocr_carea' id='block_1_7' title="bbox 1207 1012 2024 3210">
    <p class='ocr_par' dir='ltr' id='par_1_9' title="bbox 1207 1012 2024 3210">
     <span class='ocr_line' id='line_1_66' title="bbox 1214 1012 2021 1071; baseline 0.009 -17"><span class='ocrx_word' id='word_1_267' title='bbox 1214 1014 1372 1057; x_wconf 86' lang='lat' dir='ltr'>Deditis</span> <span class='ocrx_word' id='word_1_268' title='bbox 1387 1029 1484 1069; x_wconf 91' lang='lat' dir='ltr'>pure</span> <span class='ocrx_word' id='word_1_269' title='bbox 1498 1012 1596 1071; x_wconf 81' lang='lat' dir='ltr'>quid</span> <span class='ocrx_word' id='word_1_270' title='bbox 1613 1016 1841 1059; x_wconf 87' lang='lat' dir='ltr'>faciendum</span> <span class='ocrx_word' id='word_1_271' title='bbox 1857 1019 1901 1059; x_wconf 84' lang='lat' dir='ltr'>sit</span> <span class='ocrx_word' id='word_1_272' title='bbox 1917 1051 1929 1070; x_wconf 91' lang='lat'>,</span> <span class='ocrx_word' id='word_1_273' title='bbox 1943 1019 2021 1061; x_wconf 82' lang='lat' dir='ltr'>sta-</span> 
     </span>
     <span class='ocr_line' id='line_1_67' title="bbox 1263 1073 2018 1127; baseline 0.004 -16"><span class='ocrx_word' id='word_1_274' title='bbox 1263 1073 1456 1114; x_wconf 87' lang='lat' dir='ltr'>tuendum</span> <span class='ocrx_word' id='word_1_275' title='bbox 1470 1074 1492 1112; x_wconf 64' lang='lat' dir='ltr'>a</span> <span class='ocrx_word' id='word_1_276' title='bbox 1509 1075 1716 1127; x_wconf 78' lang='lat' dir='ltr'>Rege‚aut</span> <span class='ocrx_word' id='word_1_277' title='bbox 1730 1076 1754 1113; x_wconf 70' lang='lat' dir='ltr'>a</span> <span class='ocrx_word' id='word_1_278' title='bbox 1767 1075 2018 1127; x_wconf 78' lang='lat' dir='ltr'>populo.603</span> 
     </span>
     <span class='ocr_line' id='line_1_68' title="bbox 1212 1126 2022 1183; baseline 0.004 -15"><span class='ocrx_word' id='word_1_279' title='bbox 1212 1126 1460 1168; x_wconf 87' lang='lat' dir='ltr'>Deditorum</span> <span class='ocrx_word' id='word_1_280' title='bbox 1487 1129 1635 1182; x_wconf 86' lang='lat' dir='ltr'>oppida</span> <span class='ocrx_word' id='word_1_281' title='bbox 1673 1129 1832 1171; x_wconf 88' lang='lat' dir='ltr'>incendi</span> <span class='ocrx_word' id='word_1_282' title='bbox 1862 1128 2022 1183; x_wconf 75' lang='lat' dir='ltr'>possunt</span> 
     </span>
     <span class='ocr_line' id='line_1_69' title="bbox 1261 1182 2017 1236; baseline 0.007 -14"><span class='ocrx_word' id='word_1_283' title='bbox 1261 1182 1353 1236; x_wconf 88' lang='lat' dir='ltr'>jure</span> <span class='ocrx_word' id='word_1_284' title='bbox 1365 1182 1475 1224; x_wconf 84' lang='lat' dir='ltr'>belli.</span> <span class='ocrx_word' id='word_1_285' title='bbox 1937 1191 2017 1234; x_wconf 85' lang='lat'>468</span> 
     </span>
     <span class='ocr_line' id='line_1_70' title="bbox 1212 1237 2017 1296; baseline -0.004 -16"><span class='ocrx_word' id='word_1_286' title='bbox 1212 1237 1382 1280; x_wconf 90' lang='lat' dir='ltr'>Deditio</span> <span class='ocrx_word' id='word_1_287' title='bbox 1397 1251 1509 1292; x_wconf 83' lang='lat' dir='ltr'>pura.</span> <span class='ocrx_word' id='word_1_288' title='bbox 1937 1240 2017 1296; x_wconf 83' lang='lat'>585</span> 
     </span>
     <span class='ocr_line' id='line_1_71' title="bbox 1213 1293 2024 1350; baseline 0.004 -16"><span class='ocrx_word' id='word_1_289' title='bbox 1213 1293 1382 1335; x_wconf 90' lang='lat' dir='ltr'>Deditio</span> <span class='ocrx_word' id='word_1_290' title='bbox 1399 1304 1612 1348; x_wconf 83' lang='lat' dir='ltr'>antequam</span> <span class='ocrx_word' id='word_1_291' title='bbox 1636 1305 1801 1335; x_wconf 85' lang='lat' dir='ltr'>murum</span> <span class='ocrx_word' id='word_1_292' title='bbox 1817 1294 1919 1337; x_wconf 83' lang='lat' dir='ltr'>aries</span> <span class='ocrx_word' id='word_1_293' title='bbox 1933 1309 2024 1350; x_wconf 88' lang='lat' dir='ltr'>per-</span> 
     </span>
     <span class='ocr_line' id='line_1_72' title="bbox 1270 1348 2018 1398; baseline 0.003 -8"><span class='ocrx_word' id='word_1_294' title='bbox 1270 1348 1440 1391; x_wconf 72' lang='lat' dir='ltr'>currerit.</span> <span class='ocrx_word' id='word_1_295' title='bbox 1937 1366 1952 1398; x_wconf 83' lang='grc' dir='ltr'><strong>ς</strong></span> <span class='ocrx_word' id='word_1_296' title='bbox 1964 1363 2018 1393; x_wconf 70' lang='grc' dir='ltr'>ιτ,</span> 
     </span>
     <span class='ocr_line' id='line_1_73' title="bbox 1212 1403 2020 1458; baseline 0.001 -13"><span class='ocrx_word' id='word_1_297' title='bbox 1212 1404 1434 1446; x_wconf 89' lang='lat' dir='ltr'>Defendere</span> <span class='ocrx_word' id='word_1_298' title='bbox 1449 1403 1704 1446; x_wconf 85' lang='lat' dir='ltr'>innocentem</span> <span class='ocrx_word' id='word_1_299' title='bbox 1732 1417 1781 1447; x_wconf 84' lang='lat' dir='ltr'>an</span> <span class='ocrx_word' id='word_1_300' title='bbox 1794 1414 2020 1458; x_wconf 81' lang='lat' dir='ltr'>teneamur,</span> 
     </span>
     <span class='ocr_line' id='line_1_74' title="bbox 1268 1460 2015 1515; baseline 0 -13"><span class='ocrx_word' id='word_1_301' title='bbox 1268 1462 1312 1502; x_wconf 74' lang='grc' dir='ltr'>δε</span> <span class='ocrx_word' id='word_1_302' title='bbox 1328 1460 1504 1513; x_wconf 77' lang='lat' dir='ltr'>quando·</span> <span class='ocrx_word' id='word_1_303' title='bbox 1932 1471 2015 1515; x_wconf 82' lang='lat'>413</span> 
     </span>
     <span class='ocr_line' id='line_1_75' title="bbox 1211 1514 2017 1576; baseline 0.002 -20"><span class='ocrx_word' id='word_1_304' title='bbox 1211 1514 1438 1576; x_wconf 54' lang='lat' dir='ltr'>Defendens</span> <span class='ocrx_word' id='word_1_305' title='bbox 1452 1515 1504 1576; x_wconf 31' lang='lat' dir='ltr'>‘se</span> <span class='ocrx_word' id='word_1_306' title='bbox 1518 1527 1592 1556; x_wconf 89' lang='lat' dir='ltr'>nos</span> <span class='ocrx_word' id='word_1_307' title='bbox 1607 1527 1709 1568; x_wconf 86' lang='lat' dir='ltr'>opus</span> <span class='ocrx_word' id='word_1_308' title='bbox 1719 1515 1839 1557; x_wconf 84' lang='lat' dir='ltr'>habet</span> <span class='ocrx_word' id='word_1_309' title='bbox 1865 1516 2017 1558; x_wconf 84' lang='lat' dir='ltr'>denun-</span> 
     </span>
     <span class='ocr_line' id='line_1_76' title="bbox 1264 1580 2012 1624; baseline -0.004 -13"><span class='ocrx_word' id='word_1_310' title='bbox 1264 1580 1433 1612; x_wconf 81' lang='lat' dir='ltr'>tiatione</span> <span class='ocrx_word' id='word_1_311' title='bbox 1446 1583 1535 1624; x_wconf 82' lang='lat' dir='ltr'>Jure</span> <span class='ocrx_word' id='word_1_312' title='bbox 1552 1580 1714 1610; x_wconf 85' lang='lat' dir='ltr'>naturae.</span> <span class='ocrx_word' id='word_1_313' title='bbox 1934 1584 1983 1620; x_wconf 85' lang='lat'>45</span> <span class='ocrx_word' id='word_1_314' title='bbox 1994 1585 2012 1612; x_wconf 91' lang='lat'>1</span> 
     </span>
     <span class='ocr_line' id='line_1_77' title="bbox 1213 1624 2023 1680; baseline 0 -13"><span class='ocrx_word' id='word_1_315' title='bbox 1213 1625 1401 1668; x_wconf 80' lang='lat' dir='ltr'>Defenfio</span> <span class='ocrx_word' id='word_1_316' title='bbox 1432 1639 1480 1667; x_wconf 78' lang='lat' dir='ltr'>an</span> <span class='ocrx_word' id='word_1_317' title='bbox 1503 1624 1568 1678; x_wconf 87' lang='lat' dir='ltr'>jus</span> <span class='ocrx_word' id='word_1_318' title='bbox 1597 1626 1664 1666; x_wconf 87' lang='lat' dir='ltr'>det</span> <span class='ocrx_word' id='word_1_319' title='bbox 1690 1624 1732 1666; x_wconf 87' lang='lat' dir='ltr'>in</span> <span class='ocrx_word' id='word_1_320' title='bbox 1755 1624 1922 1668; x_wconf 87' lang='lat' dir='ltr'>tertium</span> <span class='ocrx_word' id='word_1_321' title='bbox 1949 1624 2023 1680; x_wconf 87' lang='lat' dir='ltr'>qui</span> 
     </span>
     <span class='ocr_line' id='line_1_78' title="bbox 1267 1681 2021 1723; baseline -0.003 0"><span class='ocrx_word' id='word_1_322' title='bbox 1267 1695 1349 1723; x_wconf 87' lang='lat' dir='ltr'>non</span> <span class='ocrx_word' id='word_1_323' title='bbox 1364 1681 1532 1723; x_wconf 85' lang='lat' dir='ltr'>invadit.</span> <span class='ocrx_word' id='word_1_324' title='bbox 1942 1693 2021 1722; x_wconf 78' lang='lat'><em>102.</em></span> 
     </span>
     <span class='ocr_line' id='line_1_79' title="bbox 1213 1734 2018 1789; baseline 0 -10"><span class='ocrx_word' id='word_1_325' title='bbox 1213 1736 1402 1779; x_wconf 78' lang='lat' dir='ltr'>Defensio</span> <span class='ocrx_word' id='word_1_326' title='bbox 1417 1750 1552 1778; x_wconf 87' lang='lat' dir='ltr'>rerum</span> <span class='ocrx_word' id='word_1_327' title='bbox 1563 1748 1611 1777; x_wconf 87' lang='lat' dir='ltr'>an</span> <span class='ocrx_word' id='word_1_328' title='bbox 1622 1734 1689 1789; x_wconf 87' lang='lat' dir='ltr'>jus</span> <span class='ocrx_word' id='word_1_329' title='bbox 1712 1735 1779 1777; x_wconf 91' lang='lat' dir='ltr'>det</span> <span class='ocrx_word' id='word_1_330' title='bbox 1796 1735 2018 1780; x_wconf 83' lang='lat' dir='ltr'>occidenti.</span> 
     </span>
     <span class='ocr_line' id='line_1_80' title="bbox 1940 1803 2016 1840; baseline 0.026 -10"><span class='ocrx_word' id='word_1_331' title='bbox 1940 1803 2016 1840; x_wconf 77' lang='lat'>105</span> 
     </span>
     <span class='ocr_line' id='line_1_81' title="bbox 1214 1844 2022 1901; baseline -0.002 -11"><span class='ocrx_word' id='word_1_332' title='bbox 1214 1846 1401 1890; x_wconf 81' lang='lat' dir='ltr'>Defenfio</span> <span class='ocrx_word' id='word_1_333' title='bbox 1416 1845 1529 1888; x_wconf 85' lang='lat' dir='ltr'>licita</span> <span class='ocrx_word' id='word_1_334' title='bbox 1543 1845 1585 1887; x_wconf 90' lang='lat' dir='ltr'>in</span> <span class='ocrx_word' id='word_1_335' title='bbox 1599 1845 1838 1901; x_wconf 79' lang='lat' dir='ltr'>aggrefforis</span> <span class='ocrx_word' id='word_1_336' title='bbox 1864 1844 2022 1900; x_wconf 88' lang='lat' dir='ltr'>adjuto-</span> 
     </span>
     <span class='ocr_line' id='line_1_82' title="bbox 1266 1915 1987 1951; baseline -0.001 -8"><span class='ocrx_word' id='word_1_337' title='bbox 1266 1915 1344 1944; x_wconf 87' lang='lat' dir='ltr'>res.</span> <span class='ocrx_word' id='word_1_338' title='bbox 1939 1916 1987 1951; x_wconf 84' lang='lat'>42</span> 
     </span>
     <span class='ocr_line' id='line_1_83' title="bbox 1211 1911 2023 2053; baseline 0 -54"><span class='ocrx_word' id='word_1_339' title='bbox 1211 1956 1461 1999; x_wconf 84' lang='lat' dir='ltr'>Defenfionis</span> <span class='ocrx_word' id='word_1_340' title='bbox 1475 1957 1590 1998; x_wconf 69' lang='lat' dir='ltr'>astus</span> <span class='ocrx_word' id='word_1_341' title='bbox 1605 1968 1745 2010; x_wconf 88' lang='lat' dir='ltr'>pacem</span> <span class='ocrx_word' id='word_1_342' title='bbox 1759 1969 1842 1997; x_wconf 90' lang='lat' dir='ltr'>non</span> <span class='ocrx_word' id='word_1_343' title='bbox 1852 1911 2023 2053; x_wconf 48' lang='lat' dir='ltr'>rumpgt‘:</span> 
     </span>
     <span class='ocr_line' id='line_1_84' title="bbox 1939 2025 2022 2059; baseline 0 -6"><span class='ocrx_word' id='word_1_344' title='bbox 1939 2027 1953 2059; x_wconf 88' lang='lat'>5</span> <span class='ocrx_word' id='word_1_345' title='bbox 1992 2025 2022 2053; x_wconf 92' lang='lat'>0</span> 
     </span>
     <span class='ocr_line' id='line_1_85' title="bbox 1215 2065 2019 2119; baseline 0.001 -10"><span class='ocrx_word' id='word_1_346' title='bbox 1215 2065 1406 2111; x_wconf 68' lang='lat' dir='ltr'>Defensio</span> <span class='ocrx_word' id='word_1_347' title='bbox 1432 2066 1474 2108; x_wconf 90' lang='lat' dir='ltr'>in</span> <span class='ocrx_word' id='word_1_348' title='bbox 1498 2065 1614 2108; x_wconf 86' lang='lat' dir='ltr'>bellis</span> <span class='ocrx_word' id='word_1_349' title='bbox 1646 2065 1816 2119; x_wconf 86' lang='lat' dir='ltr'>publicis</span> <span class='ocrx_word' id='word_1_350' title='bbox 1839 2079 1925 2119; x_wconf 84' lang='lat' dir='ltr'>quae</span> <span class='ocrx_word' id='word_1_351' title='bbox 1944 2098 1953 2115; x_wconf 92' lang='lat'>,</span> <span class='ocrx_word' id='word_1_352' title='bbox 1972 2070 2019 2110; x_wconf 85' lang='lat'>&amp;</span> 
     </span>
     <span class='ocr_line' id='line_1_86' title="bbox 1264 2121 2013 2176; baseline -0.003 -12"><span class='ocrx_word' id='word_1_353' title='bbox 1264 2123 1410 2176; x_wconf 83' lang='lat' dir='ltr'>qualis.</span> <span class='ocrx_word' id='word_1_354' title='bbox 1441 2126 1533 2170; x_wconf 81' lang='lat'>108.</span> <span class='ocrx_word' id='word_1_355' title='bbox 1545 2122 1586 2163; x_wconf 90' lang='lat' dir='ltr'>in</span> <span class='ocrx_word' id='word_1_356' title='bbox 1606 2121 1665 2162; x_wconf 87' lang='lat' dir='ltr'>his</span> <span class='ocrx_word' id='word_1_357' title='bbox 1681 2153 1690 2170; x_wconf 95' lang='lat'>,</span> <span class='ocrx_word' id='word_1_358' title='bbox 1705 2121 1774 2174; x_wconf 90' lang='lat' dir='ltr'>qui</span> <span class='ocrx_word' id='word_1_359' title='bbox 1801 2121 1909 2161; x_wconf 90' lang='lat' dir='ltr'>bello</span> <span class='ocrx_word' id='word_1_360' title='bbox 1921 2134 2013 2162; x_wconf 88' lang='lat' dir='ltr'>cau-</span> 
     </span>
     <span class='ocr_line' id='line_1_87' title="bbox 1264 2175 2014 2226; baseline -0.003 -7"><span class='ocrx_word' id='word_1_361' title='bbox 1264 2178 1345 2219; x_wconf 83' lang='lat' dir='ltr'>sam</span> <span class='ocrx_word' id='word_1_362' title='bbox 1360 2177 1568 2226; x_wconf 85' lang='lat' dir='ltr'>dederunt,</span> <span class='ocrx_word' id='word_1_363' title='bbox 1584 2190 1664 2217; x_wconf 89' lang='lat' dir='ltr'>non</span> <span class='ocrx_word' id='word_1_364' title='bbox 1678 2175 1803 2216; x_wconf 83' lang='lat' dir='ltr'>licita.</span> <span class='ocrx_word' id='word_1_365' title='bbox 1935 2183 2014 2218; x_wconf 79' lang='lat'>108</span> 
     </span>
     <span class='ocr_line' id='line_1_88' title="bbox 1208 2230 2013 2288; baseline -0.001 -13"><span class='ocrx_word' id='word_1_366' title='bbox 1208 2234 1444 2275; x_wconf 88' lang='lat' dir='ltr'>Deflorator</span> <span class='ocrx_word' id='word_1_367' title='bbox 1464 2232 1629 2288; x_wconf 84' lang='lat' dir='ltr'>virginis</span> <span class='ocrx_word' id='word_1_368' title='bbox 1643 2231 1691 2274; x_wconf 85' lang='lat' dir='ltr'>ad</span> <span class='ocrx_word' id='word_1_369' title='bbox 1706 2230 1803 2284; x_wconf 89' lang='lat' dir='ltr'>quid</span> <span class='ocrx_word' id='word_1_370' title='bbox 1818 2240 2013 2274; x_wconf 87' lang='lat' dir='ltr'>teneatur.</span> 
     </span>
     <span class='ocr_line' id='line_1_89' title="bbox 1932 2300 2009 2333; baseline 0 -9"><span class='ocrx_word' id='word_1_371' title='bbox 1932 2300 1951 2324; x_wconf 89' lang='lat'>2</span> <span class='ocrx_word' id='word_1_372' title='bbox 1956 2302 2009 2333; x_wconf 82' lang='lat'>92,</span> 
     </span>
     <span class='ocr_line' id='line_1_90' title="bbox 1210 2338 2012 2398; baseline -0.004 -11"><span class='ocrx_word' id='word_1_373' title='bbox 1210 2341 1424 2387; x_wconf 74' lang='lat' dir='ltr'>DefunCtis</span> <span class='ocrx_word' id='word_1_374' title='bbox 1439 2340 1568 2398; x_wconf 83' lang='lat' dir='ltr'>gratia</span> <span class='ocrx_word' id='word_1_375' title='bbox 1595 2338 1776 2381; x_wconf 86' lang='lat' dir='ltr'>redditur</span> <span class='ocrx_word' id='word_1_376' title='bbox 1803 2339 1846 2380; x_wconf 88' lang='lat' dir='ltr'>in</span> <span class='ocrx_word' id='word_1_377' title='bbox 1860 2339 2012 2384; x_wconf 86' lang='lat' dir='ltr'>liberis.</span> 
     </span>
     <span class='ocr_line' id='line_1_91' title="bbox 1931 2400 2013 2437; baseline 0.024 -3"><span class='ocrx_word' id='word_1_378' title='bbox 1931 2409 1946 2435; x_wconf 92' lang='lat'>1</span> <span class='ocrx_word' id='word_1_379' title='bbox 1959 2400 2013 2437; x_wconf 82' lang='lat'>80</span> 
     </span>
     <span class='ocr_line' id='line_1_92' title="bbox 1211 2448 2012 2507; baseline -0.006 -10"><span class='ocrx_word' id='word_1_380' title='bbox 1211 2454 1401 2507; x_wconf 67' lang='lat' dir='ltr'>Dejeetus</span> <span class='ocrx_word' id='word_1_381' title='bbox 1415 2452 1560 2496; x_wconf 87' lang='lat' dir='ltr'>dicitur</span> <span class='ocrx_word' id='word_1_382' title='bbox 1587 2449 1658 2506; x_wconf 86' lang='lat' dir='ltr'>qui</span> <span class='ocrx_word' id='word_1_383' title='bbox 1674 2449 1819 2491; x_wconf 86' lang='lat' dir='ltr'>vetitus</span> <span class='ocrx_word' id='word_1_384' title='bbox 1833 2448 1886 2490; x_wconf 89' lang='lat' dir='ltr'>est</span> <span class='ocrx_word' id='word_1_385' title='bbox 1899 2465 2012 2492; x_wconf 82' lang='lat' dir='ltr'>acce-</span> 
     </span>
     <span class='ocr_line' id='line_1_93' title="bbox 1259 2512 2010 2563; baseline -0.001 -12"><span class='ocrx_word' id='word_1_386' title='bbox 1259 2512 1366 2552; x_wconf 88' lang='lat' dir='ltr'>dere.</span> <span class='ocrx_word' id='word_1_387' title='bbox 1769 2557 1780 2563; x_wconf 42' lang='lat'>,</span> <span class='ocrx_word' id='word_1_388' title='bbox 1930 2513 2010 2556; x_wconf 87' lang='lat'>278</span> 
     </span>
     <span class='ocr_line' id='line_1_94' title="bbox 1207 2558 2015 2607; baseline -0.006 0"><span class='ocrx_word' id='word_1_389' title='bbox 1207 2561 1427 2607; x_wconf 81' lang='lat' dir='ltr'>Deliberati</span> <span class='ocrx_word' id='word_1_390' title='bbox 1455 2561 1500 2602; x_wconf 76' lang='grc' dir='ltr'>δε</span> <span class='ocrx_word' id='word_1_391' title='bbox 1529 2558 1781 2602; x_wconf 85' lang='lat' dir='ltr'>indeliberati</span> <span class='ocrx_word' id='word_1_392' title='bbox 1811 2560 1921 2601; x_wconf 69' lang='lat' dir='ltr'>aetus</span> <span class='ocrx_word' id='word_1_393' title='bbox 1953 2561 2015 2603; x_wconf 87' lang='lat' dir='ltr'>di-</span> 
     </span>
     <span class='ocr_line' id='line_1_95' title="bbox 1262 2619 2010 2672; baseline -0.012 -11"><span class='ocrx_word' id='word_1_394' title='bbox 1262 2619 1434 2661; x_wconf 64' lang='lat' dir='ltr'>stintfffio-</span> <span class='ocrx_word' id='word_1_395' title='bbox 1810 2666 1818 2672; x_wconf 47' lang='lat'><strong>·</strong></span> <span class='ocrx_word' id='word_1_396' title='bbox 1929 2630 1946 2664; x_wconf 82' lang='lat'><em>5</em></span> <span class='ocrx_word' id='word_1_397' title='bbox 1957 2631 1970 2658; x_wconf 93' lang='lat'>1</span> <span class='ocrx_word' id='word_1_398' title='bbox 1979 2624 2010 2667; x_wconf 85' lang='lat'><strong>4</strong></span> 
     </span>
     <span class='ocr_line' id='line_1_96' title="bbox 1208 2667 2019 2729; baseline -0.006 -13"><span class='ocrx_word' id='word_1_399' title='bbox 1208 2675 1322 2729; x_wconf 89' lang='lat' dir='ltr'>super</span> <span class='ocrx_word' id='word_1_400' title='bbox 1347 2668 1711 2716; x_wconf 86' lang='lat' dir='ltr'>Deliberationibus</span> <span class='ocrx_word' id='word_1_401' title='bbox 1736 2667 1916 2722; x_wconf 86' lang='lat' dir='ltr'>politicis</span> <span class='ocrx_word' id='word_1_402' title='bbox 1957 2685 2019 2711; x_wconf 89' lang='lat' dir='ltr'>re-</span> 
     </span>
     <span class='ocr_line' id='line_1_97' title="bbox 1262 2729 2019 2785; baseline -0.004 -15"><span class='ocrx_word' id='word_1_403' title='bbox 1262 2729 1378 2785; x_wconf 72' lang='lat' dir='ltr'>gular.</span> <span class='ocrx_word' id='word_1_404' title='bbox 1865 2777 1874 2783; x_wconf 24' lang='grc' dir='ltr'><strong><em>μ</em></strong></span> <span class='ocrx_word' id='word_1_405' title='bbox 1937 2737 2019 2777; x_wconf 85' lang='lat'>404</span> 
     </span>
     <span class='ocr_line' id='line_1_98' title="bbox 1211 2777 2017 2828; baseline -0.01 0"><span class='ocrx_word' id='word_1_406' title='bbox 1211 2781 1553 2828; x_wconf 73' lang='lat' dir='ltr'>Deliberationum</span> <span class='ocrx_word' id='word_1_407' title='bbox 1569 2778 1665 2820; x_wconf 84' lang='lat' dir='ltr'>fines</span> <span class='ocrx_word' id='word_1_408' title='bbox 1678 2805 1689 2822; x_wconf 90' lang='lat'>‚</span> <span class='ocrx_word' id='word_1_409' title='bbox 1712 2779 1756 2818; x_wconf 88' lang='lat'>&amp;</span> <span class='ocrx_word' id='word_1_410' title='bbox 1768 2777 1899 2818; x_wconf 87' lang='lat' dir='ltr'>media</span> <span class='ocrx_word' id='word_1_411' title='bbox 1913 2778 2017 2820; x_wconf 85' lang='lat' dir='ltr'>inter</span> 
     </span>
     <span class='ocr_line' id='line_1_99' title="bbox 1262 2834 2016 2889; baseline -0.011 -8"><span class='ocrx_word' id='word_1_412' title='bbox 1262 2841 1298 2881; x_wconf 86' lang='lat' dir='ltr'>se</span> <span class='ocrx_word' id='word_1_413' title='bbox 1314 2835 1592 2889; x_wconf 81' lang='lat' dir='ltr'>comparanda,</span> <span class='ocrx_word' id='word_1_414' title='bbox 1623 2835 1666 2873; x_wconf 88' lang='lat'>&amp;</span> <span class='ocrx_word' id='word_1_415' title='bbox 1682 2834 1904 2885; x_wconf 77' lang='lat' dir='ltr'>quomodo.</span> <span class='ocrx_word' id='word_1_416' title='bbox 1932 2845 2016 2884; x_wconf 77' lang='lat'>404</span> 
     </span>
     <span class='ocr_line' id='line_1_100' title="bbox 1211 2887 2012 2944; baseline -0.011 -6"><span class='ocrx_word' id='word_1_417' title='bbox 1211 2895 1366 2938; x_wconf 65' lang='lat' dir='ltr'>Dema</span> <span class='ocrx_word' id='word_1_418' title='bbox 1378 2888 1589 2944; x_wconf 85' lang='lat' dir='ltr'>quomodo</span> <span class='ocrx_word' id='word_1_419' title='bbox 1616 2887 1885 2928; x_wconf 67' lang='lat' dir='ltr'>contractibus</span> <span class='ocrx_word' id='word_1_420' title='bbox 1898 2901 2012 2929; x_wconf 87' lang='lat' dir='ltr'>com-</span> 
     </span>
     <span class='ocr_line' id='line_1_101' title="bbox 1266 2952 2015 3003; baseline -0.008 -16"><span class='ocrx_word' id='word_1_421' title='bbox 1266 2958 1461 3003; x_wconf 80' lang='lat' dir='ltr'>parentur.</span> <span class='ocrx_word' id='word_1_422' title='bbox 1730 2995 1741 3002; x_wconf 51' lang='grc'><em>.</em></span> <span class='ocrx_word' id='word_1_423' title='bbox 1895 2995 1906 3001; x_wconf 46' lang='grc'><strong>.</strong></span> <span class='ocrx_word' id='word_1_424' title='bbox 1933 2952 1955 2995; x_wconf 82' lang='lat'><em>3</em></span> <span class='ocrx_word' id='word_1_425' title='bbox 1970 2955 1984 2981; x_wconf 94' lang='lat'>1</span> <span class='ocrx_word' id='word_1_426' title='bbox 1996 2957 2015 2991; x_wconf 83' lang='grc' dir='ltr'>ς</span> 
     </span>
     <span class='ocr_line' id='line_1_102' title="bbox 1214 2996 2017 3049; baseline -0.009 -3"><span class='ocrx_word' id='word_1_427' title='bbox 1214 3000 1480 3049; x_wconf 84' lang='lat' dir='ltr'>Denuntiatio</span> <span class='ocrx_word' id='word_1_428' title='bbox 1506 2997 1666 3039; x_wconf 81' lang='lat' dir='ltr'>honesta</span> <span class='ocrx_word' id='word_1_429' title='bbox 1689 3008 1808 3038; x_wconf 82' lang='lat' dir='ltr'>etiam</span> <span class='ocrx_word' id='word_1_430' title='bbox 1838 2996 1907 3037; x_wconf 83' lang='lat' dir='ltr'>ubi</span> <span class='ocrx_word' id='word_1_431' title='bbox 1934 3011 2017 3039; x_wconf 84' lang='lat' dir='ltr'>non</span> 
     </span>
     <span class='ocr_line' id='line_1_103' title="bbox 1266 3054 2008 3101; baseline -0.009 -3"><span class='ocrx_word' id='word_1_432' title='bbox 1266 3054 1483 3101; x_wconf 68' lang='lat' dir='ltr'>necessaria.</span> <span class='ocrx_word' id='word_1_433' title='bbox 1929 3065 1977 3098; x_wconf 73' lang='lat'>45</span> <span class='ocrx_word' id='word_1_434' title='bbox 1991 3064 2008 3091; x_wconf 84' lang='lat'>1</span> 
     </span>
     <span class='ocr_line' id='line_1_104' title="bbox 1213 3103 2014 3162; baseline -0.015 -4"><span class='ocrx_word' id='word_1_435' title='bbox 1213 3109 1476 3158; x_wconf 81' lang='lat' dir='ltr'>Denuntiatio</span> <span class='ocrx_word' id='word_1_436' title='bbox 1490 3107 1532 3150; x_wconf 85' lang='lat' dir='ltr'>in</span> <span class='ocrx_word' id='word_1_437' title='bbox 1547 3106 1692 3162; x_wconf 81' lang='lat' dir='ltr'>quibus</span> <span class='ocrx_word' id='word_1_438' title='bbox 1721 3103 1834 3147; x_wconf 85' lang='lat' dir='ltr'>bellis</span> <span class='ocrx_word' id='word_1_439' title='bbox 1844 3106 2014 3147; x_wconf 79' lang='lat' dir='ltr'>necessa-</span> 
     </span>
     <span class='ocr_line' id='line_1_105' title="bbox 1265 3169 2015 3210; baseline -0.008 -1"><span class='ocrx_word' id='word_1_440' title='bbox 1265 3169 1338 3210; x_wconf 82' lang='lat' dir='ltr'>ria.</span> <span class='ocrx_word' id='word_1_441' title='bbox 1934 3173 2015 3208; x_wconf 73' lang='lat'>450</span> 
     </span>
    </p>
   </div>
   <div class='ocr_carea' id='block_1_8' title="bbox 1083 3212 2018 3277">
    <p class='ocr_par' dir='ltr' id='par_1_10' title="bbox 1083 3212 2018 3277">
     <span class='ocr_line' id='line_1_106' title="bbox 1083 3212 2018 3277; baseline -0.014 -9"><span class='ocrx_word' id='word_1_442' title='bbox 1083 3237 1167 3277; x_wconf 85' lang='lat'>426</span> <span class='ocrx_word' id='word_1_443' title='bbox 1213 3219 1476 3268; x_wconf 81' lang='lat' dir='ltr'>Denuntiatio</span> <span class='ocrx_word' id='word_1_444' title='bbox 1512 3231 1612 3272; x_wconf 86' lang='lat' dir='ltr'>pura</span> <span class='ocrx_word' id='word_1_445' title='bbox 1641 3216 1685 3261; x_wconf 73' lang='grc' dir='ltr'>δε</span> <span class='ocrx_word' id='word_1_446' title='bbox 1727 3212 2018 3257; x_wconf 75' lang='lat' dir='ltr'>conditionata.</span> 
     </span>
    </p>
   </div>
   <div class='ocr_carea' id='block_1_9' title="bbox 1935 3281 2018 3319">
    <p class='ocr_par' dir='ltr' id='par_1_11' title="bbox 1935 3281 2018 3319">
     <span class='ocr_line' id='line_1_107' title="bbox 1935 3281 2018 3319; baseline 0 -5"><span class='ocrx_word' id='word_1_447' title='bbox 1935 3281 2018 3319; x_wconf 80' lang='lat'>45²-</span> 
     </span>
    </p>
   </div>
   <div class='ocr_carea' id='block_1_10' title="bbox 1413 3321 2023 3379">
    <p class='ocr_par' dir='ltr' id='par_1_12' title="bbox 1413 3321 2023 3379">
     <span class='ocr_line' id='line_1_108' title="bbox 1413 3321 2023 3379; baseline -0.02 -3"><span class='ocrx_word' id='word_1_448' title='bbox 1413 3329 1458 3376; x_wconf 75' lang='lat' dir='ltr'>R</span> <span class='ocrx_word' id='word_1_449' title='bbox 1473 3341 1492 3369; x_wconf 79' lang='lat' dir='ltr'>t</span> <span class='ocrx_word' id='word_1_450' title='bbox 1527 3340 1548 3379; x_wconf 78' lang='grc' dir='ltr'><strong>ς</strong></span> <span class='ocrx_word' id='word_1_451' title='bbox 1856 3321 2023 3366; x_wconf 81' lang='lat' dir='ltr'>Denun-</span> 
     </span>
    </p>
   </div>
  </div>
 </body>
</html>
