2380 3917
321 310 400 345 224
743 293 1606 334 nervat-:ntttx

325 381 427 412 nam
447 362 532 409 linc
552 362 666 408 vitio
680 376 750 407 res
778 359 1042 419 relinquitur
1059 356 1179 421 apud
1196 355 1501 406 donatarium.
1539 357 1600 405 At
1614 357 1658 403 in
1674 355 1902 422 promiffis
1931 352 2000 404 ob·

324 428 497 474 caulinn
519 424 727 470 vitiosam
751 435 899 468 manet
918 421 1078 466 vitium
1103 455 1113 469 ‚
1135 419 1353 481 quamdiu
1386 437 1478 467 non
1507 436 1586 483 per
1619 435 1817 466 erratum
1834 419 1895 467 est
1909 419 2002 467 cri-

325 506 428 537 men
452 488 650 535 :tamdiu
669 482 1008 546 eniinimpletio
1021 480 1113 544 ipsa
1132 481 1351 544 promisti,
1369 498 1419 528 ut
1434 484 1540 530 mali
1558 485 1588 529 il
1609 497 1666 528 ex
1689 519 1701 538 ,
1723 481 1875 528 labem
1891 484 1936 528 in
1951 481 1999 528 se

323 553 481 599 habet:
507 567 599 611 (μσς
619 548 779 594 ceffare
795 546 948 608 incipit
979 542 1162 606 pmadko
1178 545 1382 592 crimine.
1420 544 1552 593 Vnde
1570 544 1766 606 sequitur
1780 545 1919 607 usque
1936 542 1998 590 ad

324 616 371 661 id
387 629 561 676 tempus
580 608 886 674 promiffionis
904 607 1003 654 talis
1017 606 1266 652 efficaciam
1283 605 1367 652 effe
1384 610 1427 654 in
1443 607 1673 671 pendenti,
1692 621 1741 654 ut
1760 606 1909 654 modo
1925 605 1999 652 dia

326 677 538 723 cebamus
563 678 602 720 in
627 673 836 736 promiffa
856 686 905 716 re
923 686 1017 732 quae
1033 671 1144 730 juris
1163 668 1298 714 nostri
1317 685 1409 716 non
1427 670 1499 716 est.
1532 671 1721 718 crimine
1753 684 1865 717 vero
1926 684 1998 716 er-

327 754 504 803 petmto
525 741 610 792 iam
631 735 925 798 obligationis
945 735 1036 778 vim
1054 730 1198 778 exseri
1216 771 1228 788 ‚
1265 747 1360 793 quae
1383 732 1442 779 ab
1475 735 1611 780 initio
1630 747 1720 779 non
1735 732 1869 779 intrin
1891 748 1998 779 ecus

95 806 189 850 fajet-
209 811 241 839 ²-
257 812 290 843 2,
332 801 491 856 defuit,
513 799 586 845 sed
602 799 657 844 ab
673 797 914 844 accedente
928 797 1044 841 vitio
1062 793 1148 841 fuit
1164 793 1401 857 impedita.
1432 795 1490 842 Et
1506 796 1639 857 hujus
1655 795 1719 841 rei
1733 793 1997 855 exemplum

95 867 128 934 Ξῖ·
153 860 303 934 §tf-⁶⁸7·
333 865 473 911 afferri
491 862 638 925 potest
661 866 708 907 in
730 860 839 907 luda
857 858 1011 904 Iacobi
1044 857 1163 913 filio,
1181 860 1257 919 qui
1275 857 1498 904 Thamari
1516 898 1527 915 ‚
1553 873 1688 923 quam
1707 861 1997 905 meretricem

95 910 274 980 xxiiii.
329 926 529 990 putabat,
553 923 811 989 promissam
826 920 1102 977 mercedem,
1119 919 1144 947 *
1165 934 1242 966 tan
1276 935 1379 967 uam
1393 919 1997 982 debitam‚persolvit.Qod

328 994 357 1037 {i
378 985 858 1051 injustitiaptomiffarii
877 985 1052 1032 causam
1071 984 1220 1047 promi
1262 984 1356 1030 ioni
1374 982 1554 1032 dederit
1577 1020 1588 1036 ‚
1615 997 1692 1031 aut
1721 983 1996 1046 inaequalitas

328 1053 434 1101 sitin
449 1049 696 1098 contractu,
715 1050 806 1095 haec
819 1047 1058 1111 quomodo
1075 1047 1155 1094 fint
1172 1045 1452 1095 resarcienda
1467 1048 1556 1097 alia
1571 1046 1632 1095 est
1641 1045 1823 1109 quaestio
1840 1082 1854 1103 ,
1882 1044 1909 1073 *
1935 1044 1997 1092 de

327 1131 415 1178 qua
433 1130 545 1160 mox
564 1111 835 1159 videbimus.

390 1177 451 1224 X.
489 1175 631 1240 Qod
648 1191 757 1222 vero
770 1172 1059 1237 promittitur
1075 1169 1137 1216 ob
1153 1169 1332 1218 causam
1347 1186 1449 1219 ante
1477 1169 1698 1230 debitam,
1719 1188 1811 1220 non
1825 1186 1883 1218 eo
1908 1170 1999 1218 mi-

324 1257 405 1288 nus
418 1238 623 1289 debetur,
642 1237 671 1283 si
684 1240 752 1298 jus
767 1234 967 1282 naturale
982 1232 1227 1298 spectemus
1246 1273 1257 1292 ‚
1283 1233 1525 1283 secundum
1553 1252 1608 1282 ea
1623 1253 1717 1300 qua:
1732 1233 1792 1282 de
1804 1236 1872 1281 rei
1888 1234 1998 1281 alie-

326 1320 390 1350 nae
430 1300 740 1364 acceptatione
757 1299 887 1362 supra
902 1296 1097 1344 diximus
1117 1313 1128 1345 ε
1147 1314 1248 1344 nam
1285 1301 1334 1344 &
1373 1298 1460 1345 fine
1476 1298 1565 1346 ulla
1585 1298 1713 1345 causa
1730 1296 1998 1362 promissum

326 1367 583 1412 naturaliter
614 1362 876 1410 deberetur.
911 1358 1003 1406 Sed
1035 1361 1110 1407 hic
1142 1376 1323 1423 quoque
1348 1360 1567 1409 damnum
1583 1377 1663 1426 per
1680 1359 1998 1409 extorfionem

327 1428 486 1475 datum
509 1467 519 1483 ‚
538 1443 614 1473 aut
637 1424 906 1488 inaequalitas
927 1425 971 1470 in
984 1423 1219 1471 contractu
1245 1425 1494 1488 reparanda
1506 1426 1688 1474 venient
1702 1463 1715 1484 ‚
1751 1422 1997 1473 secundum

326 1491 571 1538 tradendas
583 1490 767 1536 inferius
782 1488 920 1552 leges.

389 1553 439 1600 X
458 1553 489 1600 I.
527 1552 727 1601 Modum
743 1546 1040 1615 promittendi
1059 1547 1189 1611 quod
1205 1552 1378 1607 attinet,
1397 1552 1435 1598 is
1451 1584 1462 1599 .
1496 1563 1547 1598 ut
1564 1550 1622 1599 de
1639 1551 1832 1599 dominii
1849 1565 1998 1599 trans-

322 1615 494 1664 latione
508 1617 706 1664 diximus
728 1653 738 1671 ,
758 1614 950 1677 requirit
964 1611 1111 1658 astum
1145 1627 1384 1660 externum
1402 1649 1413 1665 ‚
1447 1611 1496 1658 id
1516 1615 1577 1662 est
1588 1614 1759 1680 fignum
1777 1613 1996 1662 sufficiens

324 1680 586 1735 voluntatis,
600 1678 730 1742 quale
746 1676 977 1725 interdum
993 1674 1078 1722 effe
1089 1674 1236 1738 potest
1254 1692 1385 1724 nutus
1412 1714 1424 1734 ,
1440 1675 1719 1741 frequentius
1733 1692 1888 1726 autem
1899 1692 1998 1726 vox

322 1758 400 1789 aut
413 1743 568 1790 literae.

390 1804 438 1852 X
457 1807 477 1853 1
497 1807 532 1853 Ι.
565 1804 658 1852 Sed
674 1804 721 1850 δε
734 1819 814 1867 per
827 1803 1057 1850 hominem
1076 1803 1268 1851 alterum
1285 1801 1543 1866 obligamur
1560 1838 1570 1853 ,
1582 1801 1612 1850 fi
1631 1801 1803 1851 constet
1829 1801 1889 1851 de
1908 1818 1998 1851 vo-

325 1869 497 1915 luntate
510 1868 656 1915 nostra
670 1884 757 1930 qua
773 1867 900 1913 illum
918 1867 1205 1930 elegerimus,
1239 1871 1264 1897 *
1296 1882 1347 1913 ut
1362 1864 1703 1912 instrumentum
1719 1865 1917 1913 nostrum
1934 1862 1997 1913 ad
2006 1898 2010 1907 .‚

326 1934 418 1980 hoc
436 1931 679 1994 speciatim,
694 1945 770 1976 aut
787 1928 864 1977 sub
883 1929 1079 1995 generali
1097 1931 1303 1976 notione·
1339 1929 1399 1975 Et
1411 1929 1454 1974 in
1469 1928 1665 1990 generali
1680 1929 1998 1992 praepofitione

327 1995 536 2042 accidere
547 1993 706 2058 potest,
720 2007 769 2039 ut
792 2008 874 2038 nos
892 1990 984 2038 obli
1019 2007 1064 2040 et
1085 1994 1159 2055 qui
1179 1991 1436 2055 praepositus
1453 1990 1514 2037 est
1532 1994 1711 2053 agendo
1728 2006 1889 2038 contra
1906 2007 1995 2039 vo-

324 2059 544 2105 luntatem
556 2056 750 2104 nostram
780 2053 950 2102 sibisoli
977 2008 1298 2119 significatam:
1328 2055 1430 2118 quia
1449 2054 1524 2101 hic
1555 2053 1740 2100 distincti
1757 2052 1853 2102 sunt
1872 2053 1995 2103 adius

326 2119 641 2167 volendi.unus
653 2134 745 2181 quo
763 2133 849 2165 nos
858 2118 1115 2182 obligamus
1134 2132 1283 2165 ratum
1300 2115 1534 2164 habituros
1555 2116 1768 2180 quicquid
1785 2116 1910 2165 illein
1924 2131 1996 2165 ta-

323 2184 354 2230 li
374 2185 665 2246 negotiorum
683 2195 852 2246 genere
867 2178 1028 2228 fecerit
1045 2201 1059 2237 3
1078 2180 1209 2238 alter,
1227 2196 1321 2243 quo
1338 2179 1464 2227 illum
1481 2178 1610 2226 nobis
1623 2177 1878 2243 obligamus
1894 2217 1907 2236 ,
1941 2193 1995 2227 ut

330 2261 420 2293 non
441 2260 545 2310 agat
566 2244 642 2291 nifi
660 2260 718 2290 ex
735 2243 1015 2305 Praescripto,
1034 2241 1109 2290 fibi
1127 2258 1219 2290 non
1234 2243 1336 2290 aliis
1350 2242 1560 2307 cognito.
1579 2240 1722 2352 Ogsod
1739 2241 1995 2290 notandum

323 2308 384 2355 est
401 2311 424 2334 ²*
445 2309 503 2355 ad
520 2325 588 2363 ea,
608 2324 702 2369 quae
718 2307 761 2353 le
796 2307 857 2353 ati
875 2308 1148 2367 promittunt
1165 2321 1252 2369 pro
1270 2305 1450 2371 regibus
1468 2320 1528 2352 ex
1543 2305 1588 2354 vi
1598 2307 1641 2351 in
1662 2305 1872 2353 immenti
1884 2320 1996 2370 pro·

319 2373 537 2418 curatorii
553 2322 819 2417 excedendo
837 2384 995 2416 arcana
1011 2367 1239 2416 mandata.

383 2433 465 2481 XI
483 2434 501 2481 I
520 2432 551 2479 I.
591 2432 740 2495 Atque
753 2433 854 2478 hinc
869 2433 1007 2478 etiam
1023 2432 1209 2495 intelligi
1235 2428 1383 2492 potest
1422 2430 1740 2478 exercitoriam
1754 2430 1804 2477 δε
1819 2428 1989 2478 instito-

320 2498 436 2543 riam
449 2513 544 2557 quae
562 2511 651 2541 non
665 2510 758 2541 tarn
779 2493 977 2541 actiones
994 2495 1106 2551 sunt,
1124 2509 1261 2556 quam
1279 2492 1516 2555 qualitates
1533 2493 1780 2550 actionum,
1800 2491 1897 2556 ipso
1914 2509 1996 2542 na·

321 2559 454 2605 turali
471 2562 570 2618 jure
584 2560 678 2603 niti.
696 2556 1013 2616 Adjiciendum
1035 2557 1110 2603 hic
1127 2557 1189 2603 cst
1215 2557 1334 2603 male
1349 2555 1570 2603 Romanis
1595 2554 1769 2620 legibus
1783 2554 1996 2603 introdu-

321 2620 459 2676 Ctum,
480 2635 529 2666 ut
546 2636 601 2665 ex
619 2619 740 2667 faCto
758 2619 955 2682 magistri
977 2621 1254 2667 exercitores
1269 2620 1313 2665 in
1327 2617 1522 2666 solidum
1540 2617 1695 2682 singuli
1713 2631 1992 2666 tenerentur.

321 2681 448 2728 Nam
471 2684 557 2729 hoc
576 2699 655 2728 nec
668 2683 851 2730 naturali
869 2684 1064 2744 aequitati
1092 2683 1307 2730 convenit
1325 2719 1337 2739 ,
1357 2698 1452 2744 quae
1469 2679 1572 2728 satis
1597 2679 1736 2728 habet
1751 2680 1781 2728 fi
1799 2695 1885 2745 pro
1901 2678 1990 2729 suis

321 2745 475 2807 finguli
494 2746 694 2808 partibus
709 2747 1034 2792 conveniantur
1056 2783 1067 2802 ,
1098 2761 1180 2792 nec
1202 2744 1383 2808 publice
1394 2743 1503 2791 utile
1519 2743 1592 2792 est.
1625 2742 1924 2790 absterrentur
1938 2759 1988 2789 e-

322 2809 413 2852 nim
433 2810 639 2853 homines
659 2809 716 2855 ab
733 2807 997 2855 exercendis
1025 2808 1210 2856 navibus
1230 2847 1240 2865 ,
1273 2806 1302 2854 fi
1321 2821 1526 2855 metuant
1559 2821 1613 2852 ne
1629 2821 1687 2852 ex
1707 2803 1830 2853 facto
1845 2807 1986 2869 magi-

189 2869 223 2923 ?11
251 2888 262 2894 ·
322 2869 395 2915 stri
416 2871 531 2933 quasi
555 2871 833 2917 ininfinitum
852 2884 1105 2917 teneantur.
1138 2869 1417 2934 Atqueadeo
1448 2868 1569 2932 apud
1601 2867 1890 2925 Hollandos‚
1911 2866 1988 2916 ubi

110 2975 156 3003 sq,
168 2945 237 3004 Μ
262 2928 275 2946 ⁵
325 2948 575 2979 mercatura
589 2934 764 2994 pridem
784 2934 982 2979 maxime
996 2935 1140 2999 viguit
1156 2971 1168 2987 ,
1189 2936 1238 2980 δε
1254 2951 1369 2980 nunc
1386 2936 1435 2980 &
1451 2932 1566 2979 olim
1583 2931 1657 2978 lex
1669 2931 1746 2977 illa
1776 2930 1991 2978 Romana

110 2994 209 3046 imas
226 3020 299 3046 tom.
322 2995 558 3042 observata
572 3012 661 3041 non
683 2995 743 3042 est
760 3011 772 3043 ε
789 2997 886 3041 imo
901 3006 1060 3043 contra
1076 2997 1366 3044 constitutum
1395 3034 1407 3053 ,
1426 3011 1483 3042 ne
1495 2995 1767 3042 exercitoria
1781 2994 1920 3040 etiam
1933 3010 1989 3040 u·

119 3065 165 3097 ψ
180 3068 214 3097 9,
233 3069 301 3094 ²¹-1-
326 3059 483 3104 nii-ersi
515 3059 705 3121 amplius
718 3072 952 3106 teneantur
968 3096 982 3115 ,
1001 3075 1136 3122 quam
1166 3060 1225 3107 ad
1241 3059 1581 3107 aestimationem
1600 3058 1726 3105 navis
1739 3095 1750 3113 ,
1764 3057 1813 3103 δε
1827 3071 1986 3104 eorum

322 3136 416 3180 quae
432 3124 474 3167 in
489 3123 587 3166 navi
609 3120 717 3166 sunt.

386 3184 433 3231 X
452 3184 470 3228 1
490 3183 547 3229 V.
580 3182 644 3229 Vt
665 3197 816 3228 autem
835 3181 1073 3245 promissio
1097 3182 1164 3241 jus
1190 3181 1430 3229 transferat
1447 3185 1504 3233 J*
1521 3183 1781 3243 acceptatio
1799 3180 1876 3228 hic
1894 3196 1988 3227 non

319 3247 465 3291 minus
482 3260 613 3306 quam
632 3247 673 3290 in
690 3243 1173 3291 dominiitranssatione
1190 3245 1442 3306 requiritur,
1465 3245 1529 3291 ita
1543 3259 1697 3291 tamen
1713 3258 1764 3289 ut
1777 3243 1851 3288 hi'c
1869 3259 1988 3305 quo-

319 3322 405 3367 que
422 3306 672 3370 praecedens
691 3308 872 3372 rogatio
903 3306 1064 3354 durare
1081 3307 1352 3371 intelligatur
1370 3343 1383 3359 ‚
1412 3323 1466 3356 ac
1482 3310 1576 3357 vim
1593 3304 1759 3354 habere
1775 3318 1989 3375 acc-epta-

1832 3381 1985 3417 UOUIS·
