2380 3917
269 312 342 355 276
679 296 1549 340 nss1vnt-:netrt

337 377 357 422 Ι
377 375 406 420 Ι.
446 370 491 416 δί
512 368 627 415 nulla
645 364 695 412 sit
707 361 967 422 conjectura
985 375 1079 422 quae
1093 359 1230 406 ducat
1245 359 1337 405 alio
1355 398 1367 416 ,
1387 359 1530 408 verba
1547 358 1834 423 intelligenda
1850 359 1952 407 sunt

279 457 334 485 cx
351 435 642 501 proprietate,
679 432 704 458 *
739 442 830 473 non
846 424 1161 472 Grammatica
1176 437 1271 484 quae
1287 420 1349 468 est
1362 437 1422 471 ex
1438 424 1633 487 origine,
1650 422 1728 469 sed
1742 422 1955 485 populari

280 518 338 547 cx
356 497 431 544 ulh

458 567 582 620 §Luem
594 571 698 616 penes
710 555 920 598 arbitrium
935 551 995 608 est,
1016 546 1130 604 &jus
1150 549 1201 604 &n
1212 565 1347 594 norma
1360 550 1549 609 loquendi.

283 624 433 672 Stulto
445 635 556 683 ergo
570 615 761 678 perfidiae
777 611 947 676 effugio
966 610 1028 657 usi
1045 609 1141 668 sunt
1175 610 1200 637 '⁸¹
1235 608 1373 655 Locri
1392 644 1403 658 ,
1417 626 1523 656 cum
1541 608 1733 673 polliciti
1760 607 1801 654 se
1816 607 1959 670 pastis

283 691 473 735 staturos
487 678 698 744 quamdiu
710 691 880 724 terram
894 675 1007 720 hanc
1019 671 1258 720 insisterent
1273 673 1322 718 &
1335 674 1485 735 capita
1501 672 1702 719 humeris
1718 669 1959 734 gestarent,

285 764 452 798 terram
468 741 780 793 calceamentis
808 736 1020 798 injestam
1038 774 1049 792 ,
1067 737 1115 782 &
1132 734 1340 782 alliorum
1359 736 1508 797 capita
1537 734 1736 780 humeris
1750 735 1812 779 im
1848 731 1962 779 ofita.

287 814 556 871 abjecerunt,
573 804 694 867 quasi
712 819 769 849 eo
783 800 931 849 modo
948 799 1167 860 religione
1180 797 1220 845 se
1238 796 1656 860 poffentexsolvere
1674 834 1686 851 ,
1707 812 1803 858 quae
1853 794 1961 842 isto-

291 878 356 924 ria
374 870 491 936 apud
509 867 753 928 Polybium
771 864 942 911 exstat:
966 860 1182 910 acfimilis
1198 860 1390 925 perfidiae
1408 859 1617 922 exempla
1645 859 1820 920 aliquot
1839 855 1962 920 apud

291 937 560 998 Polyaenum,
583 947 676 992 quae
696 926 1006 975 tranlscribere
1022 924 1259 985 niliil'opus
1278 922 1354 972 est,
1374 924 1478 986 quia
1494 920 1852 970 controversiam
1869 935 1963 966 non

59 1012 232 1056 Dmffiais
287 1000 468 1048 habent.
507 991 743 1055 Ejulinodi
760 987 994 1038 fraudibus
1006 985 1126 1034 reste
1135 985 1252 1032 dixit
1269 985 1438 1033 Cicero
1454 985 1681 1048 adstringi,
1698 998 1790 1030 non
1807 981 1965 1031 diffol-

67 1070 146 1099 Μ’·
286 1066 330 1113 vi
343 1061 610 1127 perjurium.

357 1127 375 1173 1
392 1124 411 1171 Ι
434 1123 467 1169 l.
498 1123 523 1149 *
542 1121 588 1167 In
604 1120 769 1165 artium
787 1128 941 1163 autem
957 1112 1194 1162 vocabulis
1212 1151 1224 1169 ‚
1241 1127 1336 1173 quae
1355 1111 1544 1177 populus
1563 1111 1640 1158 vix
1657 1110 1777 1173 capit
1800 1148 1812 1166 ,
1832 1108 1966 1156 adhi-

294 1187 444 1238 benda
458 1186 544 1231 erit
560 1184 670 1229 artis
684 1178 898 1241 cujusque
914 1176 1188 1241 prudentum
1220 1174 1426 1221 definitio
1443 1212 1455 1229 ‚
1476 1189 1525 1221 ut
1544 1174 1653 1237 quid
1671 1172 1723 1218 fit
1740 1171 1963 1230 majestas,

292 1250 402 1316 quid
420 1245 711 1311 parricidium
730 1281 741 1300 ,
773 1258 868 1304 quae
895 1238 953 1286 ad
979 1239 1201 1286 finitivum
1218 1237 1379 1284 statum
1397 1234 1598 1284 referunt
1632 1235 1841 1283 oratoriae
1857 1234 1968 1281 artis

294 1313 512 1371 magistri.
541 1308 658 1355 Vere
674 1308 795 1353 enim
812 1302 984 1350 dietum
1000 1306 1027 1350 {1
1044 1300 1274 1349 Cicerone
1289 1299 1665 1348 Academicarum
1679 1299 1846 1360 primo:
1864 1302 1967 1344 Dia-

297 1366 507 1424 lem‘corum
522 1375 642 1418 verba
659 1374 764 1415 nuHa
782 1371 872 1420 siant
884 1368 1036 1427 publica
1055 1388 1066 1409 :
1078 1369 1156 1424 suis
1166 1380 1335 1410 utuntur
1364 1387 1376 1410 .-
1395 1366 1446 1419 ὠ·
1460 1366 1502 1408 id
1513 1365 1668 1424 quidem
1679 1379 1872 1407 commune
1884 1378 1970 1406 om·-

295 1447 405 1487 m'um
415 1441 499 1499 fere
517 1439 566 1494 est
577 1438 739 1479 artium.
759 1429 836 1477 Sic
851 1428 881 1476 fi
898 1428 947 1474 in
965 1426 1103 1488 puellis
1118 1424 1176 1472 de
1192 1427 1392 1472 exercitu
1410 1423 1580 1471 dietum
1597 1422 1734 1470 fuerit
1750 1460 1762 1478 ‚
1782 1421 1971 1468 definie-

297 1517 398 1548 mus
414 1497 665 1545 exercitum
682 1491 768 1540 effe
783 1507 887 1540 eam
904 1489 1103 1536 militum
1119 1487 1456 1535 multitudinem
1477 1503 1572 1550 quae
1588 1486 1736 1548 palam
1751 1486 1861 1532 lines
1880 1485 1971 1530 ho·-

300 1566 435 1611 sticos
451 1560 557 1608 aulit
573 1556 801 1604 invadere.
822 1569 927 1601 nam
944 1551 1103 1616 paffim
1119 1565 1357 1615 opponunt
1383 1549 1579 1597 historici
1596 1549 1642 1596 id
1660 1547 1786 1611 quod
1809 1547 1971 1595 furtim

61 1620 178 1656 ΜΛ·
196 1626 251 1654 '¹·
299 1629 347 1675 fit
362 1641 436 1672 aut
454 1620 816 1671 latrocinantium
828 1630 976 1671 more,
995 1617 1043 1662 &
1059 1613 1185 1679 quod
1199 1614 1316 1674 justo
1331 1615 1382 1661 fit
1397 1614 1614 1660 exercitu.
1629 1615 1783 1676 Qare
1797 1625 1884 1674 pro
1901 1610 1974 1659 vi-

300 1690 422 1737 ribus
441 1685 635 1732 hostium
647 1679 950 1730 aestimandum
966 1694 1059 1740 quae
1076 1679 1218 1742 copiae
1234 1678 1481 1724 exercitum
1498 1674 1680 1723 faciant.
1705 1673 1877 1722 Cicero
1890 1688 1972 1720 ex·-

306 1753 498 1799 crcitum
514 1759 650 1795 vocat
667 1743 743 1791 sex
770 1743 972 1807 legiones
1004 1742 1053 1787 &
1069 1741 1247 1788 auxilia.
1273 1739 1489 1801 Polybius
1519 1738 1781 1786 Romanum
1795 1737 1973 1783 exerci-

305 1829 402 1861 tum
411 1812 676 1877 plerumque
693 1808 755 1854 ait
771 1803 1006 1854 constitisse
1023 1802 1248 1850 sexdecim
1262 1803 1457 1851 millibus
1474 1801 1808 1856 Romanorum,
1827 1801 1974 1863 vigin-

67 1885 106 1917 L-
127 1890 159 1916 ²·
180 1883 224 1914 D·
241 1880 280 1912 de
307 1879 341 1923 ti
359 1877 603 1924 sociorum.
635 1885 682 1917 at
698 1871 848 1917 minor
862 1881 1042 1930 quoque
1055 1881 1264 1913 numerus
1279 1867 1469 1927 implere
1500 1865 1646 1928 potest
1664 1866 1760 1925 ejus
1776 1864 1974 1911 nominis

68 1932 262 2019 ‘'223⁰“
309 1937 572 1985 mensuram.
591 1932 720 1981 Nam
737 1933 950 1995 leianus
962 1930 1177 1976 exercitui
1194 1929 1370 1993 praeeffe
1385 1944 1488 1976 eum
1505 1930 1569 1976 ait
1591 1967 1603 1985 ,
1620 1929 1698 1990 qui
1731 1926 1801 1974 vel
1819 1927 1892 1973 uni
1905 1927 1973 1974 le-

67 1991 98 2010 ¹'⁷
117 1999 121 2005 ’
207 1999 215 2007 ’
310 2001 434 2065 gioni
455 2015 558 2045 cuni
575 1992 936 2058 auxiliispraeest:
967 1990 1016 2037 id
1047 1992 1108 2038 est
1139 2007 1190 2039 ut
1222 1991 1440 2057 Vegetius
1461 1992 1647 2052 exponit
1665 1991 1825 2037 decem
1843 1990 1973 2037 milli-

68 2060 162 2094 L1bro
178 2069 189 2094 1
206 2068 258 2095 ιι,
307 2066 393 2112 bug
425 2061 627 2125 peditum
651 2096 661 2114 ‚
690 2057 871 2105 duobus
905 2053 1102 2101 millibus
1130 2069 1155 2100 e
1188 2057 1350 2102 uirum.
1381 2057 1429 2101 &
1462 2054 1616 2102 Livius
1649 2055 1698 2100 in
1716 2053 1823 2100 οᾶο
1842 2053 1976 2100 milli-

71 2118 138 2150 ω’
159 2116 188 2143 ¹'
307 2128 391 2175 bus
427 2125 616 2188 speciem
629 2122 755 2184 ponit
769 2118 864 2178 justi
878 2118 1120 2163 exercitus.
1157 2071 1258 2164 lim-i
1278 2116 1424 2164 modo
1441 2116 1500 2162 de
1517 2116 1644 2165 classe
1659 2119 1743 2163 erit
1761 2115 1976 2164 aestiman-

311 2191 442 2237 dum.
476 2186 552 2234 Sic
582 2184 608 2211 *
652 2199 733 2229 arx
746 2182 806 2230 est
818 2182 947 2228 locus
961 2181 1033 2243 qui
1051 2195 1204 2227 arcere
1219 2180 1427 2227 hostilem
1441 2180 1692 2227 exercitum
1722 2178 1781 2225 ad
1798 2193 1977 2243 tempus

311 2268 373 2318 po
381 2251 467 2297 ffit.
963 2306 974 2311 —

379 2313 476 2360 IV.
493 2308 786 2370 Conjesturis
803 2306 999 2352 affumtis
1008 2320 1122 2367 opus
1142 2304 1219 2361 est,
1239 2303 1314 2351 ubi
1333 2303 1470 2354 verba
1486 2318 1564 2352 aut
1581 2305 1827 2353 verborum
1845 2320 1977 2351 com-

310 2377 467 2442 plexio
491 2373 589 2420 sunt
608 2371 813 2424 πολύσημω
827 2367 875 2414 id
894 2366 969 2422 est,
985 2372 1108 2425 plures
1125 2369 1401 2428 significationes
1431 2375 1630 2430 recipiunt.
1657 2368 1790 2416 Hunc
1819 2369 1977 2415 locum

312 2440 543 2489 Rhetores
558 2448 724 2482 vocant
742 2432 779 2481 ἐξ
792 2427 1032 2486 ἁμφιέολιάις
1049 2446 1058 2477 :
1096 2428 1332 2477 Dialeetici
1365 2430 1564 2478 subtilius
1583 2469 1594 2486 ,
1633 2432 1662 2478 fi
1682 2432 1725 2478 in
1758 2448 1845 2479 una
1859 2444 1979 2479 voce

313 2499 457 2552 sensus
473 2498 558 2545 esse
576 2496 726 2560 plures
740 2493 913 2555 poffent
932 2492 1142 2548 ὃμωνυμὶσιν
1157 2532 1168 2549 ,
1187 2492 1217 2539 si
1232 2494 1275 2539 in
1292 2493 1611 2557 complexione
1626 2490 1878 2551 ἀμφιζολια»,
1906 2490 1980 2540 Si-

313 2564 485 2614 militer
501 2559 769 2622 conjecturis
783 2571 900 2614 opus
914 2555 990 2610 est,
1002 2557 1179 2617 quoties
1199 2557 1244 2601 in
1261 2556 1398 2618 pastis
1416 2555 1474 2604 est
1506 2555 1792 2613 ὠαντιοφοινείοι
1807 2596 1818 2615 ‚
1845 2563 1981 2622 species

312 2630 486 2692 quadam
505 2628 768 2684 repugnantia.
805 2618 940 2665 Tunc
957 2620 1076 2664 enim
1095 2617 1360 2678 conjecturae
1373 2618 1614 2681 quaerendae
1633 2620 1744 2678 sunt,
1761 2636 1856 2685 quae
1874 2634 1978 2682 par-

313 2706 384 2737 tes
400 2689 505 2736 alias
522 2685 619 2731 aliis
630 2683 872 2730 concilient
889 2718 901 2737 ‚
919 2679 948 2727 fi
964 2680 1057 2726 fieri
1074 2680 1234 2744 potest.
1265 2697 1370 2729 nam
1385 2682 1416 2730 fi
1432 2697 1556 2730 certa
1571 2682 1623 2730 sit
1639 2700 1789 2749 pugna
1806 2722 1818 2740 ‚
1852 2679 1982 2746 quod
2014 2693 2016 2695 ·

313 2751 533 2816 posterius
550 2749 665 2794 inter
682 2745 1002 2792 contrahentes
1018 2743 1183 2806 placuit
1199 2782 1211 2799 ,
1230 2745 1458 2807 prioribus
1473 2745 1742 2809 derogabit:
1767 2748 1872 2810 quia
1888 2759 1982 2791 uno

315 2827 530 2873 tempore
547 2825 686 2856 nemo
698 2807 931 2857 contraria
947 2808 1098 2868 potuit
1114 2805 1315 2863 voluisse,
1326 2809 1375 2854 &
1391 2824 1444 2855 ea
1457 2822 1616 2856 natura
1633 2809 1695 2856 cst
1711 2809 1891 2856 aestuum
1905 2806 1981 2868 qui

315 2882 342 2926 ὲ
355 2877 595 2925 voluntate
612 2871 828 2934 pendent,
845 2883 895 2915 ut
913 2885 1038 2917 novo
1055 2870 1155 2916 astu
1171 2869 1418 2918 voluntatis
1427 2868 1593 2918 discedi
1611 2873 1717 2920 inde
1736 2871 1872 2936 poffit
1901 2908 1912 2926 ,
1927 2867 1983 2916 fi·

316 2957 375 2988 ve
390 2937 605 2996 pyopaga-'k
615 2951 781 2996 exparte
797 2951 889 2982 una,
907 2946 957 2978 ut
972 2933 1128 2994 inlege
1140 2933 1189 2979 δε
1205 2932 1486 2990 testamento,
1502 2934 1592 2981 five
1610 2934 1882 2990 coniundkim
1907 2969 1918 2987 ‚
1933 2945 1983 2978 ut

313 3004 358 3050 in
370 2997 677 3048 contractibus
692 2997 741 3042 &
758 2993 908 3052 pactis.
925 2994 1059 3042 Hunc
1069 2996 1224 3042 locum
1241 2993 1466 3044 Rhetores
1484 3012 1653 3045 vocant
1682 2998 1718 3048 ἓξ
1745 2994 1974 3050 ammaim.

315 3065 376 3112 Et
394 3066 462 3110 his
474 3059 658 3124 quidem
674 3057 844 3105 cafibus
854 3057 1098 3105 verborum
1116 3056 1301 3106 evidens
1319 3059 1567 3107 obscuritas
1596 3062 1723 3124 cogit
1752 3070 1986 3106 recurrere

318 3127 375 3174 ad
386 3119 931 3184 conje&uras.lnterdum
943 3136 1054 3168 vero
1069 3120 1166 3184 ipsae
1181 3121 1446 3182 conjefturae
1457 3123 1521 3169 ita
1535 3120 1769 3169 evidentes
1783 3120 1881 3167 sunt
1903 3157 1914 3173 ‚
1934 3131 1986 3164 ut

320 3189 480 3250 sponte
511 3184 554 3232 se
581 3187 789 3249 ingerant
806 3184 941 3230 etiam
968 3199 1131 3232 contra
1159 3189 1460 3246 receptiorem
1495 3185 1741 3231 verborum
1774 3181 1987 3243 fignifica-

321 3266 434 3297 tum.
466 3249 601 3296 Hunc
616 3248 769 3294 locum
789 3246 933 3293 Graeci
952 3245 1179 3294 Rhetores
1195 3263 1363 3295 vocant
1396 3246 1584 3302 w‘efbnrs?
1594 3248 1658 3298 «φὶ
1673 3239 1850 3302 Quia:
1865 3283 1876 3299 ‚
1895 3243 1987 3289 La-

323 3315 410 3362 tini
421 3330 478 3361 ex
493 3311 656 3374 scripto
674 3310 722 3360 δε
740 3307 960 3358 sententia
976 3308 1142 3374 scripti.
1174 3308 1290 3359 Loci
1302 3325 1458 3360 autem
1475 3324 1532 3357 ex
1548 3308 1714 3371 quibus
1743 3305 1987 3357 voluntatis

1874 3380 1988 3413 con-
