2475 3854
757 232 1715 278 acenc18,1.113.11.
2003 247 2078 286 297

411 294 505 343 rius
522 296 640 343 enim
656 293 717 341 est
732 295 968 360 privilegia
994 299 1058 345 ita
1073 299 1360 363 intelligenda
1379 339 1391 356 ‚
1409 315 1458 346 ut
1472 301 1638 362 aliquid
1660 301 1857 348 tribuant
1872 302 1986 350 ultra
2001 307 2073 366 jus

412 373 672 405 commune.
709 358 850 419 Qod
868 358 898 405 fi
914 360 1049 430 legati
1068 362 1124 408 ab
1139 363 1290 423 injusta
1306 377 1483 409 tantum
1502 366 1543 408 vi
1564 367 1647 410 tuti
1667 364 1815 420 essent,
1829 366 1934 411 nihil
1952 368 1992 411 in
2008 383 2067 413 eo

412 421 565 482 magni
582 419 703 477 effert,
723 421 830 467 nihil
843 424 1065 486 praecipui.
1085 423 1217 470 Adde
1234 425 1361 486 quod
1377 426 1588 472 securitas
1608 427 1865 488 legatorum
1883 430 2071 476 utilitati

412 497 507 542 quae
523 496 582 527 ex
596 497 727 545 poena
743 481 804 532 est
814 485 1143 546 praeponderat.
1156 485 1285 534 Nam
1303 503 1431 549 poena
1450 487 1599 533 haberi
1618 481 1761 551 potest
1776 504 1855 549 per
1871 505 1975 536 eum
1994 492 2070 553 qui

411 543 613 605 legatum
635 543 753 590 misit
767 545 996 593 volentem
1018 549 1091 594 2&
1111 548 1140 595 fi
1161 549 1277 595 nolit
1291 549 1347 594 ab
1360 549 1454 611 ipso
1467 552 1585 613 exigi
1603 551 1739 604 bello,
1760 565 1969 613 tanquam
1981 554 2073 599 cri-

410 606 543 652 minis
556 605 878 669 approbatore.
904 608 1143 671 Objiciunt
1168 611 1298 674 aliqui
1316 611 1451 657 satius
1482 628 1618 657 unum
1650 613 1779 674 plec‘ti
1798 630 1930 673 quain
1949 613 2071 660 bello

409 666 583 713 multos
597 668 786 717 involvi.
803 672 924 733 atqui
941 671 971 718 si
990 673 1026 718 is
1043 674 1118 734 qui
1133 673 1332 738 leg-atum
1349 673 1466 719 misit
1501 673 1668 721 fadum
1687 675 1782 733 ejus
1794 675 1957 736 probet
1976 715 1987 732 ,
2004 678 2071 722 le-

444 730 503 774 ati
516 744 644 793 poena
655 731 780 778 bello
804 748 887 780 nos
902 750 994 780 non
1009 737 1193 782 eximet.
1222 734 1356 781 Parte
1389 750 1500 781 vero
1525 737 1664 783 altera
1683 737 1811 782 valde
1828 738 1872 782 in
1891 738 2068 784 lubrico

461 804 589 838 catur
606 790 718 840 salus
732 792 1039 857 legatoruin,fi
1057 797 1235 844 aCtuum
1256 796 1433 843 suorum
1450 800 1671 844 rationem
1690 799 1764 844 alii
1777 799 1968 845 reddere
1986 800 2069 845 de-

408 852 544 901 beant
592 870 695 901 uam
707 858 733 902 a
751 872 843 918 quo
861 859 1116 906 mittantur.
1133 859 1259 906 Nam
1275 875 1378 906 cum
1393 860 1656 922 plerumque
1684 859 1858 906 divertit
1877 899 1886 916 ‚
1903 861 2009 924 saepe
2020 864 2071 908 δε

409 915 552 964 adver
572 932 595 962 a
613 915 694 963 sint
707 919 888 966 consilia
897 936 1055 968 eorum
1075 923 1150 984 qui
1165 924 1352 969 mittunt
1366 925 1555 986 legatos,
1576 927 1624 968 δε
1642 926 1715 985 qui
1730 923 1967 985 accipiunt,
1989 926 2068 971 vix

410 979 473 1026 est
487 993 536 1026 ut
552 995 641 1025 non
655 979 747 1027 sem
781 997 833 1029 er
846 982 1014 1046 aliquid
1035 986 1078 1031 in
1095 985 1295 1048 legatum
1308 986 1397 1031 dici
1426 985 1565 1049 possit
1583 986 1714 1047 quod
1742 986 1938 1032 criminis
1950 988 2069 1033 acci·-

406 1043 499 1106 piat
516 1040 720 1106 speciem.
780 1058 800 1091 t
817 1062 1069 1107 quanquam
1086 1046 1287 1109 quaedam
1302 1047 1397 1095 sunt
1412 1049 1475 1094 ita
1491 1065 1535 1094 m
1543 1047 1739 1102 anifesta,
1757 1062 1805 1094 ut
1815 1046 2068 1096 dubitatio·-

406 1120 513 1152 nem
531 1120 622 1150 non
639 1104 831 1153 habeant
848 1146 860 1164 ,
881 1107 1042 1156 sufficit
1059 1122 1211 1156 tamen
1232 1109 1290 1156 ad
1302 1113 1555 1174 aequitatem
1572 1110 1618 1156 δε
1633 1110 1872 1157 utilitatem
1883 1109 1995 1175 legis
2011 1128 2065 1157 u-

404 1166 632 1223 niversalis
644 1168 892 1233 periculum
912 1171 1171 1220 universale.
1201 1175 1358 1236 Qare
1375 1174 1562 1219 omnino
1579 1174 1639 1219 ita
1655 1172 1813 1220 cenleo
1827 1210 1837 1227 ‚
1858 1172 2064 1233 placuisse

403 1227 614 1294 gentibus
627 1245 679 1277 ut
694 1235 954 1281 communis
970 1250 1072 1281 mos
1089 1237 1165 1297 qui
1181 1239 1386 1296 quemvis
1412 1236 1456 1281 in
1468 1235 1611 1281 alieno
1630 1235 1866 1282 territorio
1878 1234 2067 1282 existen-

405 1303 503 1339 tem
516 1293 612 1353 ejus
627 1293 719 1340 loci
733 1297 966 1343 territorio
982 1296 1173 1359 subjicit,
1191 1300 1505 1360 exceptionem
1524 1312 1750 1359 pateretur
1764 1298 1807 1343 in
1824 1298 1997 1355 levatis,
2014 1311 2065 1346 ut

404 1355 483 1418 qui
494 1353 605 1403 ficut
621 1355 802 1405 fielione
818 1358 1011 1422 quadam
1029 1359 1251 1408 habentur
1267 1377 1352 1424 pro
1367 1355 1564 1422 personis
1572 1360 1850 1406 mittentium
1907 1369 2065 1407 Senatus

394 1421 677 1527 fiai-ciemficum
690 1426 900 1479 attuleras,
922 1429 1192 1471 austeritatem
1210 1428 1411 1485 reipublicae
1425 1458 1435 1473 ,
1452 1425 1512 1469 ait
1528 1421 1586 1467 de
1600 1422 1753 1486 legato
1768 1421 1970 1484 quodam
1984 1421 2060 1468 M.
2075 1426 2267 1468 Phicvxu.

452 1478 583 1528 ullius
599 1482 617 1542 )
647 1482 711 1529 ita
724 1484 863 1531 etiam
881 1484 1061 1532 fistione
1076 1485 1204 1532 simili
1219 1486 1590 1533 constituerentur
1606 1485 1724 1548 quasi
1741 1499 1870 1530 extra
1879 1486 2065 1531 territo-

402 1545 539 1591 rium.
572 1543 692 1592 unde
715 1546 765 1592 &
792 1547 911 1594 civili
954 1549 1053 1608 jure
1070 1547 1226 1610 populi
1255 1547 1375 1612 apud
1408 1564 1540 1611 quem
1559 1550 1715 1596 vivunt
1732 1562 1822 1593 non
1839 1560 2062 1593 tenentur.

405 1608 560 1668 Qire
576 1605 605 1653 fi
624 1608 718 1655 tale
732 1607 785 1656 fit
802 1608 1015 1658 delictum
1033 1610 1160 1673 quod
1194 1613 1419 1657 contemni
1440 1609 1562 1672 posse
1579 1609 1789 1656 videatur
1806 1646 1817 1664 ,
1835 1623 1911 1654 aut
1938 1607 2063 1655 diffi-

401 1668 667 1717 mulandum
683 1672 770 1719 erit
790 1710 803 1729 ‚
838 1672 865 1701 *
901 1688 977 1721 aut
1010 1676 1036 1721 ὲ
1054 1672 1210 1721 finibus
1228 1672 1448 1735 jubendus
1464 1672 1683 1718 excedere
1712 1673 1902 1734 legatus.
1932 1671 2060 1732 quod

401 1729 620 1794 Polybius
628 1734 670 1780 ci
685 1731 855 1783 factum
873 1751 1025 1784 narrat
1040 1738 1116 1799 qui
1134 1736 1294 1784 Romae
1311 1735 1540 1782 obsidibus
1555 1733 1754 1799 fugiendi
1767 1733 1939 1779 caulam
1953 1749 2067 1795 prae-

400 1793 576 1843 buerat.
612 1794 745 1845 Vnde
761 1797 912 1846 obiter
923 1800 1058 1847 datur
1072 1800 1262 1864 intelligi
1288 1797 1416 1861 quod
1448 1798 1538 1844 alio
1558 1812 1768 1858 tempore
1779 1796 1950 1859 legatus
1966 1795 2059 1865 Ta-

400 1860 683 1907 rentinorum
714 1863 792 1924 qui
827 1862 952 1910 idem
985 1861 1238 1924 deliquerat
1268 1862 1405 1925 vii-gis
1437 1860 1566 1908 caeliis
1592 1859 1652 1905 est
1671 1898 1682 1916 ,
1718 1857 1765 1927 id
1796 1874 1854 1928 eo
1872 1858 2061 1905 evemffe

400 1924 428 1951 *
462 1921 589 1984 quod
605 1921 839 1972 Tarentini
857 1925 959 1973 visti
974 1924 1052 1973 sub
1071 1923 1294 1972 Romanis
1326 1923 1410 1970 effe
1425 1921 1664 1986 coepiss‘enti
1693 1919 1742 1966 Si
1759 1936 1926 1966 crimen
1945 1919 1996 1966 fit
2011 1937 2062 1965 a-

399 1985 630 2033 trocius&
642 1984 698 2032 ad
713 1987 939 2051 publicum
957 1987 1126 2035 malum
1145 1987 1357 2050 speffims,
1388 1986 1414 2016 *
1451 1982 1692 2032 mittendus
1708 1985 1793 2029 erit
1811 1984 1984 2046 legatus
1998 1981 2057 2028 ad

399 2062 505 2094 eum
523 2049 598 2110 qui
615 2049 731 2096 misit
754 2066 861 2097 cum
877 2051 1102 2115 postulato
1121 2089 1132 2106 ,
1164 2065 1215 2097 ut
1245 2065 1347 2095 eum
1363 2051 1514 2112 puniat
1536 2062 1609 2115 aut
1626 2046 1766 2092 dedat
1781 2084 1793 2101 ,
1812 2043 2053 2107 quomodo

399 2109 561 2161 Gallos
576 2110 805 2174 postulasse
818 2115 1025 2177 legimus,
1039 2127 1089 2160 ut
1107 2111 1184 2159 fibi
1202 2112 1475 2158 dederentur
1486 2110 1623 2157 Fabii.
1654 2108 1747 2155 Sed
1765 2147 1775 2164 ‚
1792 2106 1914 2169 quod
1929 2107 2056 2167 supra

398 2172 598 2220 diximus
614 2165 882 2237 aliquoties‘,
907 2179 1098 2223 humana
1109 2176 1208 2235 jura
1223 2175 1451 2222 omniaita
1466 2173 1554 2219 effe
1565 2185 1828 2233 comparata
1852 2205 1862 2219 ‚
1891 2183 1940 2214 ut
1958 2183 2048 2236 iio-n

400 2233 606 2297 obligent
623 2237 668 2281 in
685 2240 858 2286 summa
874 2237 1132 2286 necessitate
1152 2276 1163 2293 ,
1196 2239 1243 2285 id
1261 2238 1318 2284 de
1333 2242 1422 2283 hoc
1438 2249 1619 2295 quoque
1649 2246 1870 2302 praec-epto
1899 2228 2054 2298 saneti-

398 2297 831 2362 moniaelegatorum
848 2300 1088 2349 obtinebit.
1121 2300 1291 2348 Verum
1328 2301 1363 2346 is
1396 2315 1508 2361 apex
1528 2295 1791 2363 neceffitatis
1824 2310 1912 2363 non
1930 2290 1987 2337 est
2005 2307 2051 2336 m

398 2359 621 2408 sumtione
638 2376 776 2423 poenae
795 2401 806 2419 ‚
826 2379 961 2424 quam
981 2362 1136 2408 &aliis
1154 2364 1196 2409 in
1211 2361 1378 2410 casibus
1396 2360 1490 2406 tolli
1505 2362 1601 2420 jure
1628 2372 1825 2424 gentium
1842 2353 1955 2422 infra
1973 2368 2052 2414 ap-

399 2421 591 2489 parebit,
608 2438 712 2470 cum
728 2422 787 2470 de
798 2423 988 2471 solennis
1003 2423 1107 2469 belli
1123 2423 1351 2471 effectibus
1369 2438 1554 2486 agemus
1572 2438 1583 2468 :
1601 2419 1747 2466 multo
1765 2432 1906 2486 minus
1923 2431 1966 2460 in
1982 2416 2053 2482 lo-

399 2500 459 2533 co
472 2521 484 2540 ,
504 2499 719 2546 tempore
735 2502 787 2532 ac
801 2487 949 2533 modo
968 2486 1186 2532 sumendae
1199 2503 1340 2549 poenae
1362 2523 1374 2542 ‚
1410 2484 1485 2532 sed
1518 2485 1564 2528 in
1594 2495 1883 2550 praecautione
1900 2492 2052 2546 gravis

400 2546 507 2593 mali
526 2585 538 2603 ‚
590 2546 804 2594 raesertim
820 2549 1001 2611 publici.
1036 2550 1188 2611 Qare
1208 2564 1254 2595 ut
1271 2547 1456 2595 obviam
1475 2559 1600 2590 eatur
1615 2546 1862 2611 imminenti
1876 2554 2050 2608 pericu·

398 2609 464 2665 lo,
482 2607 512 2655 fi
530 2563 614 2656 aiia
632 2609 748 2657 nulla
764 2610 825 2656 est
842 2613 959 2658 ratio
972 2610 1148 2664 idonea,
1167 2613 1214 2656 δε
1226 2611 1466 2657 retineri&
1480 2609 1747 2663 interrogari
1768 2603 1897 2664 legati
1919 2615 2050 2661 pote·

399 2687 516 2719 runt.
549 2671 619 2719 Ita
638 2669 861 2720 Consules
878 2673 1075 2719 Romani
1111 2672 1347 2735 Tarquinii
1381 2671 1405 2701 '¹‘
1439 2671 1622 2735 legatos·
1643 2655 2047 2732 deprehenderunt,

398 2737 425 2767 *
460 2733 691 2781 literarum
709 2735 753 2780 in
771 2736 924 2794 primis
941 2733 1088 2782 habita
1106 2751 1212 2782 cura
1231 2774 1242 2790 ‚
1262 2749 1312 2780 ut
1328 2733 1479 2779 Livius
1501 2730 1698 2796 loquitur
1715 2741 1799 2796 ,Une
1812 2724 2053 2793 intercide-

397 2812 509 2848 rent.
530 2795 674 2851 Quod
694 2796 722 2843 fi
740 2798 831 2842 vim
848 2811 1066 2844 armatam
1085 2798 1272 2843 intentet
1284 2797 1469 2857 legatus,
1486 2792 1582 2838 lane
1599 2786 1745 2858 occidi
1762 2800 1941 2857 poterit,
1963 2802 2053 2855 non

397 2875 477 2925 per
493 2858 685 2905 modum
699 2874 850 2919 poenae,
874 2859 949 2906 sed
968 2875 1047 2923 per
1062 2860 1256 2905 modum
1275 2859 1487 2903 naturalis
1503 2852 1784 2921 defeufi01138-
1798 2848 1872 2894 Sic·
1890 2848 2050 2897 1⁴3b¹OS

398 2937 513 2987 quos
531 2922 778 2968 violatores
795 2923 899 2978 juris
933 2922 1113 2968 humani
1142 2921 1296 2967 Livius
1312 2933 1444 2964 vocat
1458 2957 1469 2972 ,
1500 2915 1617 2961 Galli
1645 2911 1854 2978 occidere
1889 2924 2049 2969 potue-

398 2998 516 3032 runt.
548 2983 705 3043 Itaque
722 2982 842 3043 apud
876 2983 1139 3046 Euripidem
1175 2980 1427 3028 Heraclidis
1456 2977 1734 3037 Demophon
1772 2973 1971 3041 i‘ccialein
1990 2970 2047 3038 ab

398 3045 649 3108 Eurystheo
674 3042 845 3090 missum
878 3046 926 3090 δε
943 3048 987 3092 vi
1004 3044 1217 3107 supplices
1235 3042 1437 3104 abripere
1454 3052 1689 3087 conantem
1710 3074 1720 3092 ,
1738 3051 1782 3080 vi
1801 3031 2045 3096 prohibuit,

397 3112 447 3158 &
459 3124 564 3156 cum
579 3107 652 3154 ille
668 3105 855 3160 diceret,

678 3167 777 3214 'Tun'
791 3170 960 3227 fecialem
977 3167 1103 3210 cadere
1121 3168 1192 3210 huc
1208 3171 1355 3224 missum
1375 3168 1514 3209 audeas
1526 3174 1542 3206 ?

398 3231 658 3298 respondet,
935 3233 991 3271 Ni
997 3231 1143 3289 secia-lis
1156 3231 1352 3273 dexteram
1364 3228 1411 3333 f}
1413 3232 1473 3343 ‘w'5
1471 3237 1659 3283 temperet.
1925 3274 2048 3325 Hah:
