2380 3917
1035 344 1456 390 INDEX.

414 421 600 465 Iuratum
618 418 780 476 paetum
806 415 956 461 fortius
982 417 1230 473 nonjurato.
1258 424 1262 448 ⁶
1331 430 1414 458 non
1430 418 1536 459 reste
1562 416 1729 461 dicitur.
1760 423 1798 462 8.
1825 433 1949 476 quem
1973 422 2092 466 usum

1147 475 1223 520 285
1330 485 1437 513 nunc
1455 472 1614 524 habeat,
1634 475 1679 516 &
1693 489 1817 528 quem
1835 478 1879 518 in
1893 474 2098 531 penniffis.

419 529 722 576 Iurisdifflones
736 526 888 569 summa
904 527 1115 569 inferiores
1127 540 1223 568 con·
1333 541 1371 574 9.
1393 527 1494 569 nihil
1510 529 1692 571 continet
1711 531 1795 586 juri
1823 544 1977 575 naturae
2002 545 2103 576 con·

470 586 557 627 cedi
583 586 667 632 iure
694 583 938 625 hereditario
967 581 1124 638 possunt
1154 596 1226 636 po·
1322 582 1505 625 trariuin.
2071 597 2099 632 9

474 641 560 693 puli
579 637 780 679 consensu.
1151 650 1228 687 172
1280 635 1351 678 Ius
1366 638 1548 692 gentium
1564 638 1682 692 quid:
1721 641 1994 694 &quomodo
2007 654 2103 696 pro-

420 696 527 740 luris
541 706 688 734 naturae
716 693 861 734 dietata
886 692 966 735 alia
994 692 1127 749 magis
1153 693 1230 734 alia
1336 691 1464 733 batur.
1481 707 1518 742 7.
1540 693 1691 736 nonest
1718 708 1940 738 commune
1966 695 2103 739 omni-

472 751 604 791 minus
620 747 835 789 manifest-a.
1154 756 1229 800 339
1338 746 1414 788 bus
1433 747 1608 799 populis.
2072 764 2100 801 7

418 806 503 849 luri
533 816 682 844 naturae
714 817 794 843 non
824 812 1001 862 pugnant
1029 802 1234 857 quaedam‚
1284 801 1372 852 Ins,
1395 801 1660 857 &ususjuris
1676 802 1970 861 distinguenda.
2025 818 2103 865 ‘70

475 874 561 912 quat
578 859 698 898 vetita
713 858 796 899 sunt
812 858 900 912 lege
914 857 1069 899 divina.
1152 870 1230 910 339
1284 856 1356 898 111⁸
1369 855 1664 911 supereminens
1693 860 1822 916 Regis
1844 892 1854 910 ,
1869 873 1941 902 aut
1953 859 2096 902 civita-

420 913 723 959 Iusiurandum.
743 913 832 955 vide
845 915 1135 954 luramentum.
1340 912 1408 965 tis,
1424 913 1628 957 anliberet
1659 915 1685 958 a*
1719 915 1800 959 fide
1814 914 1981 960 subditis
1994 916 2107 959 data.

421 969 738 1023 lusjufandunm
752 967 923 1010 civitate
950 967 1103 1011 saelum
1118 969 1162 1012 &
1178 981 1238 1009 re·
2024 979 2103 1025 569

466 1025 651 1076 petitum.
1164 1032 1240 1073 569
1291 1021 1362 1064 Ins
1374 1032 1584 1066 externum
1600 1022 1733 1078 quale.
2023 1038 2103 1080 5⁰9

421 1080 493 1123 Ins
509 1094 581 1133 pro
601 1093 651 1119 eo
667 1077 774 1131 quod
789 1077 933 1130 justum
944 1076 1015 1120 est.
1212 1090 1237 1120 2
1287 1077 1359 1119 Ius
1376 1092 1449 1131 pro
1460 1079 1548 1132 jure
1565 1091 1750 1122 externo.
2024 1092 2103 1129 509

422 1135 495 1179 Ius
509 1149 581 1180 pro
596 1134 792 1188 qualitate
818 1132 998 1177 sumtum
1015 1165 1029 1187 ,
1044 1132 1144 1189 quid
1174 1133 1233 1176 fit.
1294 1133 1361 1177 Ius
1373 1146 1513 1190 regum
1530 1136 1573 1175 δι
1590 1135 1839 1189 populorum
1851 1136 2017 1190 quando
2034 1149 2105 1190 pa-

1209 1200 1238 1232 2
1342 1202 1388 1230 ce
1404 1189 1607 1232 remissum
1618 1189 1839 1233 censeatur.
2027 1206 2042 1240 ς
2054 1195 2103 1238 78

425 1245 500 1289 Ius
515 1246 707 1302 prolege.
1211 1254 1233 1298 3
1291 1241 1360 1286 Ins
1375 1245 1555 1299 gentium
1584 1245 1693 1287 circa
1718 1244 2033 1301 inaeqnalitatem
2060 1247 2106 1289 in

427 1302 499 1346 Ins
515 1314 587 1354 pro
606 1301 695 1358 lege
709 1300 759 1343 ad
772 1299 945 1342 aliarum
963 1299 1144 1351 §iustitia
1156 1300 1240 1343 vir·
1340 1300 1632 1342 contractibus.
2022 1313 2104 1354 237

481 1367 612 1397 tutum
628 1356 842 1398 materiam
855 1355 1042 1409 pertinet.
1215 1365 1237 1404 3
1285 1352 1354 1396 Ins
1368 1355 1570 1398 internum
1583 1356 1633 1398 ab
1661 1365 1829 1399 externo
1855 1355 2110 1400 distinctum.

425 1411 498 1454 Ius
509 1412 703 1453 naturale.
741 1424 780 1460 4.
811 1412 910 1464 quid
935 1443 947 1462 ,
965 1412 1010 1452 ὅ(
1024 1411 1240 1470 quomodo
2016 1422 2101 1465 232

484 1465 643 1508 differat
657 1469 677 1507 ὲ
690 1464 832 1507 divino
851 1466 1098 1507 voluntario.
1213 1480 1240 1518 4
1290 1463 1357 1506 Ius
1370 1475 1604 1506 exterorum
1633 1463 1945 1520 supereminenti
1970 1466 2108 1512 domi-

426 1520 500 1564 Ins
518 1522 807 1570 voluntarium,
823 1522 867 1561 τὸ
882 1519 924 1562 όν
940 1519 1065 1570 τάξει.
1214 1536 1241 1573 4
1343 1519 1415 1562 nio
1430 1534 1512 1562 non
1527 1519 1668 1563 subest.
2020 1527 2102 1577 258

425 1576 498 1619 Ius
513 1576 695 1618 naturale
724 1578 746 1617 ὲ
772 1577 861 1618 Deo
886 1574 1144 1618 immutabile
1160 1610 1170 1626 ‚
1195 1579 1240 1620 ὃ(
1290 1573 1360 1616 Ius
1374 1587 1522 1617 naturae
1536 1575 1722 1618 moribus
1736 1576 1996 1622 obliteratur.
2021 1583 2109 1630 264

478 1631 630 1686 quare?
659 1641 700 1682 4.
726 1630 781 1672 est
806 1631 972 1686 aliquod
1002 1631 1242 1686 consequens
1292 1631 1362 1672 Ius
1374 1631 1557 1687 gentium
1573 1632 1622 1672 de
1641 1632 1750 1673 bello
1763 1633 1903 1687 captis.
1993 1688 2003 1694 -
2022 1647 2108 1685 47²·

479 1688 613 1728 aetum
641 1687 878 1728 humanum.
907 1699 948 1736 4.
979 1685 1153 1728 sumitur
1168 1688 1243 1730 ali·
1293 1685 1363 1727 Ius
1385 1686 1581 1743 pignoris,
1606 1687 1846 1731 retentionis
1866 1722 1876 1740 ‚
1904 1688 2110 1732 servitutis

478 1741 640 1796 quando
656 1755 730 1795 pro
746 1756 797 1782 eo
811 1743 922 1802 quod
937 1741 991 1782 est
1004 1741 1231 1785 honestum.
1344 1754 1394 1784 an
1410 1744 1519 1785 bello
1533 1743 1763 1791 acquiratur
1773 1776 1786 1796 ‚
1811 1746 1856 1788 δι
1870 1745 2102 1802 quomodo.

480 1810 520 1846 4.
536 1797 691 1838 videtur
704 1808 853 1838 mutari
869 1809 1031 1851 propter
1062 1798 1241 1840 materiae
2026 1805 2108 1850 486

482 1853 767 1894 mutationem.
796 1862 840 1903 4.
871 1852 944 1894 effe
959 1852 1114 1906 aliquid
1137 1853 1242 1907 juris
1289 1850 1361 1892 Ius
1375 1851 1626 1908 captivitatis
1639 1851 1766 1895 etiam
1779 1851 1927 1909 injuria
1940 1854 2109 1899 dicitur.

480 1909 674 1950 naturalis
689 1909 878 1960 probatur
895 1908 918 1949 :i
932 1908 1057 1963 priori
1073 1911 1116 1950 ἃ
1132 1910 1156 1951 ἃ
1171 1923 1245 1964 po·
2025 1923 2108 1960 49²·

483 1963 651 2013 steriori,
670 1963 894 2017 quomodo.
917 1979 950 2010 ς.
966 1963 1065 2017 juris
1078 1976 1241 2006 natura.
1288 1957 1362 2001 Ius
1376 1962 1564 2015 gentium
1578 1972 1691 2022 vetat
1701 1962 1878 2016 permissa
1888 1963 1978 2019 jure
1990 1978 2112 2007 natu-

488 2019 539 2061 lis
557 2020 758 2061 redufflve
772 2033 860 2072 quae
875 2019 957 2061 sint.
972 2027 1013 2068 4.
1051 2019 1133 2070 ejus
1147 2021 1246 2067 juris
1348 2029 1414 2068 rae,
1429 2021 1473 2060 ὃ(
1489 2019 1692 2071 permittit
1705 2018 1846 2062 vetita.
2024 2031 2104 2070 461

482 2072 710 2128 permiffive*
740 2086 898 2115 tantum
930 2088 1019 2128 quae
1035 2074 1125 2117 sunt
1153 2107 1165 2126 ‚
1198 2077 1244 2117 ὃ(
1267 2067 1362 2128 ,Ius
1373 2072 1560 2129 gentium
1574 2074 1680 2128 apud
1697 2075 1868 2129 populos
1893 2074 2107 2131 quosdam.

481 2128 645 2184 praecipi
661 2162 673 2181 ,
704 2130 748 2173 &
764 2129 893 2172 vetari
906 2132 930 2171 h
946 2130 1039 2172 Deo
1057 2128 1227 2185 poss'unt.
1476 2181 1488 2189 ,
1599 2182 1610 2189 ·
1780 2182 1790 2189 .
2020 2134 2109 2183 464

1184 2197 1233 2234 19
1292 2181 1363 2224 Ius
1376 2193 1562 2237 gentium
1596 2194 1818 2238 improptie
1843 2186 1957 2241 quod
1987 2188 2111 2231 multi

431 2239 502 2282 Ins
517 2251 668 2283 natm-2
677 2253 753 2295 pro
767 2251 882 2283 certo
905 2238 1021 2283 statu.
1223 2256 1240 2290 5
1347 2239 1488 2298 populi
1521 2239 1711 2295 usurpant
1741 2240 1818 2283 fine
1832 2253 1978 2284 mutua
1997 2243 2107 2285 ohli-

430 2295 505 2340 Ius
532 2308 677 2339 naturae
708 2299 752 2339 ὃ(
787 2298 972 2352 gentium
997 2295 1208 2351 quomodo
1222 2299 1245 2338 ὲ
1347 2306 1527 2354 gerione.
1577 2349 1587 2356 ·
1912 2303 2010 2348 428.
2025 2310 2109 2348 429

486 2352 685 2393 Romanis
713 2350 1012 2395 lunsconsultis
1045 2350 1240 2404 sumatur,
1291 2348 1361 2391 Ius
1375 2352 1472 2404 laepe
1486 2350 1780 2394 remittendum
1806 2362 1854 2395 ut
1880 2353 2034 2396 bellum
2047 2355 2114 2396 vi-

486 2408 530 2448 &
542 2421 589 2448 an
600 2407 719 2449 reete.
1219 2419 1243 2462 ς
1269 2400 1274 2458 Ι
1346 2414 1466 2448 tetur.
2022 2421 2109 2460 402

434 2462 505 2506 Ius
521 2462 735 2504 rectoriam
752 2463 796 2504 δε
811 2461 1101 2517 aequatorium.
1212 2476 1241 2507 2
1293 2460 1365 2503 Ins
1379 2460 1515 2503 luendi
1531 2460 1713 2520 pignoris
1727 2476 1776 2506 an
1789 2473 1973 2518 tempore
1986 2464 2108 2507 amit-

436 2519 506 2561 lus
520 2530 599 2558 non
614 2518 667 2558 est
694 2517 734 2559 in
751 2519 879 2560 brutis
894 2518 1177 2560 animantibus.
1199 2534 1234 2568 5.
1349 2526 1473 2558 tatur.
2027 2530 2109 2574 143

490 2574 539 2614 de
552 2572 630 2614 illis
656 2573 877 2628 improprie
891 2587 976 2629 quo
993 2572 1102 2615 sensu
1126 2575 1236 2617 dica·
1290 2570 1386 2613 Iure
1412 2572 1598 2628 gentium
1613 2573 1721 2615 bona
1730 2573 1987 2616 subditorum
1998 2576 2108 2619 obli-

489 2638 532 2669 tu
540 2642 566 2667 r.
1219 2647 1236 2679 5
1343 2640 1489 2683 gantur
1503 2643 1554 2669 ex
1568 2628 1676 2670 facto
1703 2629 1971 2682 superiorum.
2025 2641 2110 2683 444

437 2685 510 2726 Ins
528 2683 797 2726 voluntarium
825 2683 1052 2727 humanum
1067 2716 1080 2737 ,
1095 2684 1161 2726 vel
1174 2684 1236 2728 di·
1290 2683 1379 2725 Iuri
1401 2694 1554 2724 naturae
1594 2698 1674 2725 non
1702 2696 1885 2740 pugnant
1922 2688 2109 2740 quaedam

494 2737 644 2779 vinum.
1224 2752 1247 2784 6
1347 2753 1435 2793 quae
1453 2739 1576 2780 vetita
1592 2739 1679 2780 sunt
1694 2740 1784 2795 lege
1799 2740 1947 2782 divina.
2027 2755 2108 2796 339

440 2793 510 2836 Ius
526 2794 795 2836 voluntarium
809 2794 1032 2837 humanum
1047 2794 1182 2843 civile,
1194 2795 1250 2839 ci·
1270 2837 1273 2854 ἰ
1296 2794 1403 2836 Iuris
1417 2795 1599 2850 gentium
1631 2794 1821 2836 dicuntur
1836 2796 1964 2836 multa
1981 2829 1993 2847 ,
2021 2811 2110 2852 quae

496 2848 566 2889 vili
583 2850 715 2899 latius,
735 2850 845 2892 civili
861 2852 1022 2893 arctius.
1225 2862 1249 2894 6
1346 2848 1583 2892 communia
1597 2849 1683 2892 sunt
1696 2851 1859 2904 populis
1874 2851 1951 2893 fine
1965 2863 2111 2896 mutua

442 2903 513 2947 Ius
529 2905 800 2945 voluntarium
816 2906 1016 2947 divinum.
1046 2920 1086 2958 7.
1112 2917 1183 2948 aut
1198 2907 1250 2948 est
1347 2905 1616 2960 obligatione.
2032 2920 2108 2959 127

499 2959 616 3000 unius
633 2960 781 3013 populi,
798 2972 865 3001 aut
879 2963 1082 3005 omnium.
1225 2976 1250 3012 7
1298 2959 1406 3002 Iuris
1418 2960 1600 3002 derelicti
1616 2961 1723 3017 figna
1750 2975 1794 3002 ex
1820 2959 1938 3004 fastis
1966 2962 2011 3004 &
2024 2977 2109 3006 non

443 3014 514 3057 Ius
542 3014 816 3056 voluntarium
844 3016 1028 3059 divinum
1058 3015 1252 3060 omnibns
1351 3015 1479 3058 factis.
2033 3028 2108 3071 139

498 3069 657 3121 populis
672 3083 883 3112 commune
899 3072 1060 3125 triplex.
1225 3087 1250 3122 7
1297 3069 1393 3115 Iura
1406 3071 1590 3126 quaedam
1605 3070 1654 3113 ad
1671 3069 1873 3113 summum
1888 3069 2109 3125 imperium

442 3123 512 3168 Ins
527 3124 649 3177 gladii
665 3125 761 3177 quid
778 3125 817 3165 in
835 3125 949 3168 sacris
965 3129 1009 3169 δε
1037 3126 1253 3182 prophanis
1354 3126 1552 3179 pertinent
1592 3126 1861 3180 separabiliter
1886 3139 1957 3169 aut
1993 3142 2111 3170 com·

498 3180 635 3220 literis.
1196 3195 1247 3224 22
1356 3181 1671 3224 municabiliter.
2033 3197 2109 3233 14².

445 3234 513 3275 Ius
528 3234 709 3274 divinum
740 3234 986 3279 Hebraicnm
999 3237 1102 3279 alios
1122 3251 1253 3292 popu·
1298 3237 1403 3280 Iuris
1418 3249 1568 3282 naturae
1583 3238 1763 3291 quaedam
1779 3235 1867 3280 sunt
1881 3271 1894 3291 ,
1909 3251 1999 3295 quae
2024 3252 2111 3281 non

498 3289 557 3328 los
575 3304 653 3329 non
669 3290 836 3345 obligat.
1221 3304 1249 3346 7
1350 3293 1500 3347 ubique
1515 3292 1792 3334 observantur.
2031 3308 2045 3335 ι
2061 3307 2110 3341 ςο

444 3341 511 3388 Ius
525 3345 743 3389 flcbraeum
759 3344 891 3401 quoad
919 3359 994 3394 nos
1008 3347 1253 3405 abrogatum
1270 3345 1278 3402 i
1298 3347 1405 3393 Iuris
1430 3348 1617 3406 gentium
1640 3349 1770 3394 multa
1794 3347 2112 3448 huprorgggtgi-
