2475 3854
815 224 1761 271 acpncxmttmtt.
2011 240 2077 270 221

431 288 582 352 prium
595 286 722 337 alteri
738 303 830 334 non
843 285 939 356 dat.
972 288 1139 336 Multis
1155 291 1276 336 enim
1290 290 1459 339 cafibus
1475 294 1642 349 evenit,
1665 309 1715 340 ut
1730 292 1953 357 obligatio
1968 295 2022 342 fit
2041 297 2087 343 in

421 350 581 408 nobis,
599 350 829 399 &nullum
844 365 913 408 Jus
928 352 972 397 in
990 350 1080 399 alio
1093 371 1110 410 3
1142 351 1252 398 ficut
1269 355 1313 399 in
1327 353 1487 402 debito
1524 355 1841 404 misericordiae
1869 359 1917 404 &
1934 360 2089 419 <gratiae

420 414 689 523 reponendae
709 426 904 476 apparet,
916 414 1078 476 quibus
1095 413 1233 460 {imile
1251 415 1313 462 est
1328 417 1418 463 hoc
1431 417 1636 465 debitum
1660 418 1912 467 constantia:
1928 409 2018 468 five
2034 422 2088 467 fi-

421 475 483 522 de
501 477 639 523 itatis·
672 475 827 538 Itaque
842 489 901 521 ex
916 476 996 524 tali
1009 476 1342 540 pollicitatione
1377 494 1447 527 res
1465 481 1753 543 pollicitantis
1780 484 1961 530 retineri
1980 522 1991 540 ‚
2011 497 2089 530 aut

420 539 459 586 is
475 537 570 607 ipse
580 540 658 602 qui
686 538 910 601 pollicitus
924 538 987 587 est
1000 538 1059 587 ad
1073 538 1350 603 implendam
1388 541 1528 590 fidem
1544 546 1649 608 cogi
1682 548 1781 608 jure
1808 559 1970 593 naturae
1994 561 2089 594 non

419 615 611 665 poterit.

487 662 582 716 lv.
615 661 804 711 Tertius
816 661 982 726 gradus
997 660 1061 710 est
1076 701 1089 721 ,
1105 665 1185 713 ubi
1213 667 1271 715 ad
1288 668 1717 717 determinationem
1753 670 1892 718 talem
1907 670 2087 718 accedit

425 725 599 791 lignum
614 726 800 774 volendi
814 730 882 787 jus
901 727 1132 788 proprium
1149 729 1276 777 alteri
1295 731 1506 779 conferre
1527 748 1540 779 ε
1567 750 1661 795 quae
1677 732 1876 796 perfeEiea
1892 733 2086 794 promis-

421 789 488 838 fio
504 788 581 847 est,
601 788 793 836 fimilem
810 787 973 836 habens
993 789 1200 838 &sedium
1219 794 1396 856 qualem
1409 793 1618 841 alienatio
1633 796 1845 843 dominii.
1874 796 1946 843 Est
1962 797 2084 844 enim

425 866 504 898 aut
512 853 584 899 via
600 851 982 899 adalienationem
1006 853 1071 898 rei
1089 891 1100 908 ,
1119 868 1196 901 aut
1213 856 1425 903 alienatio
1442 857 1661 919 particulae
1680 857 1910 918 cujusdam
1929 858 2082 905 nostrae

420 914 661 962 libertatis.
698 913 815 961 Illuc
831 915 1049 979 pertinent
1063 917 1277 977 promiffa
1292 918 1447 976 dandi,
1465 920 1553 967 huc
1568 920 1780 983 promissa
1793 919 2003 968 faciendi.
2022 921 2086 967 E-

420 978 493 1038 jus
511 977 637 1042 quod
655 977 849 1025 dicimus
866 976 1027 1038 insigne
1054 976 1186 1026 nobis
1204 996 1519 1046 argumentum
1538 982 1736 1045 praebent
1751 983 1904 1030 divina
1920 999 2083 1030 oracu-

420 1040 480 1097 la,
496 1057 592 1104 quae
609 1058 692 1089 nos
705 1039 869 1088 docent
901 1042 926 1071 *
945 1038 1103 1086 Deum
1119 1042 1277 1105 lpsum‚
1294 1045 1371 1106 qui
1387 1045 1508 1091 nulla
1525 1045 1763 1093 constituta
1778 1046 1878 1108 lege
1891 1044 2082 1091 obstrin-

422 1104 472 1168 gi
489 1103 812 1167 potest-‚contra
826 1117 1024 1150 naturam
1043 1101 1163 1152 suam
1178 1104 1402 1154 facturum
1421 1107 1500 1155 nisi
1516 1109 1726 1172 promissa
1742 1107 2080 1171 praestaretNe·

421 1169 549 1214 hem.
565 1182 639 1224 1x,
657 1165 705 1216 8.
738 1165 878 1214 Hebr.
896 1180 971 1222 VI,
987 1162 1078 1225 183
1111 1168 1160 1213 δε
1175 1185 1223 1215 x.
1240 1181 1299 1236 23
1322 1186 1381 1229 31
1404 1167 1520 1217 Cor.
1543 1186 1585 1227 1,
1604 1185 1663 1233 19
1684 1191 1701 1230 3
1719 1188 1766 1228 x,
1787 1186 1907 1235 1331
1925 1169 2077 1217 Theff.

420 1247 466 1282 v,
489 1240 656 1291 24311
674 1227 828 1277 Theff.
844 1243 929 1275 111
952 1242 1006 1293 ,3
1028 1248 1044 1286 3
1080 1244 1134 1276 11
1156 1229 1280 1278 Tim.
1300 1246 1354 1279 11
1378 1271 1391 1290 ‚
1414 1248 1434 1279 1
1476 1267 1487 1278 .
1522 1231 1657 1281 Vnde
1687 1233 1885 1296 sequitur
1902 1247 1950 1279 ut
1973 1247 2082 1295 pro-

421 1291 546 1341 missa
563 1292 818 1357 praestentur
828 1292 978 1339 venire
991 1307 1049 1338 ex
1058 1305 1217 1341 natura
1250 1246 1544 1344 immutabilis
1558 1295 1735 1356 justitiae
1753 1334 1764 1353 ‚
1783 1311 1877 1357 quae
1909 1296 2015 1343 Deo
2033 1294 2084 1339 &

420 1355 634 1403 omnibus
651 1356 721 1402 his
739 1357 811 1419 qui
824 1355 1002 1402 ratione
1016 1368 1204 1403 utuntur
1220 1395 1232 1413 ,
1251 1355 1331 1404 suo
1344 1357 1491 1405 modo
1508 1360 1773 1405 communis
1785 1357 1862 1405 est.
1893 1356 2085 1404 Accedit

418 1418 638 1479 judicium
654 1417 937 1465 Salomonis:
955 1421 1029 1464 Fili
1036 1426 1109 1475 mi,
1116 1421 1485 1482 fiquidspopondgsti
1497 1425 1612 1468 alteri
1636 1455 1648 1471 ,
1666 1422 1827 1480 defixssi
1842 1436 1992 1466 externo
2013 1438 2082 1465 vo-
2099 1436 2193 1473 prov,
2204 1444 2269 1474 νη

420 1486 479 1529 las
492 1498 582 1528 tuas
598 1505 611 1528 .·
625 1486 851 1545 illaqtteatus
860 1499 897 1527 es
915 1482 1042 1526 verbius
1054 1486 1128 1527 oria
1145 1488 1207 1527 tui
1221 1505 1233 1528 :
1267 1498 1399 1544 captus
1421 1503 1458 1530 es
1471 1485 1798 1530 enunciationibus
1827 1489 1899 1529 oris
1916 1489 1988 1529 tui.
2024 1481 2084 1527 Et

419 1544 526 1592 hinc
542 1541 746 1591 Hebraeis
758 1540 994 1607 promiffio
1009 1557 1204 1590 vocatur
1219 1555 1321 1586 ³70&
1338 1549 1537 1592 vinculum
1554 1580 1566 1595 ‚
1585 1544 1636 1591 δε
1669 1544 1699 1575 *
1714 1558 1828 1591 voto
1845 1559 2086 1606 compara-

418 1621 513 1663 tur,
531 1604 678 1653 Num.
690 1623 801 1663 xxx,
817 1618 866 1668 4,
888 1618 930 1664 ς,
947 1606 999 1653 6.
1031 1604 1202 1653 Similis
1231 1607 1369 1670 origo
1388 1607 1516 1654 vocis
1532 1605 1741 1661 ὖπυχέσεως
1762 1622 1917 1654 notata
1932 1607 2086 1653 Eusta-

420 1670 526 1716 tth
541 1669 600 1716 ad
614 1667 856 1716 secundum
870 1666 1051 1719 Iliados,
1070 1667 1206 1717 &N‘vml
1227 1668 1304 1727 >0⁶¹3
1322 1687 1396 1714 πως
1423 1668 1488 1722 1590}
1517 1668 1664 1723 κοιτέχέ
1689 1669 1724 1712 ῗί·
1740 1669 1985 1726 ἱποχᾶμενον
2000 1670 2016 1710 ὃ
2029 1668 2091 1720 τὲ,

418 1728 643 1785 ἓπαῆῑλίοω
659 1727 901 1787 ὦξσίμενῶύτ
922 1729 949 1758 *
983 1736 1083 1792 capit
1107 1750 1154 1778 ac
1170 1737 1294 1778 vincit
1321 1736 1595 1795 quodammodo
1634 1736 1880 1794 promifforem
1902 1738 1933 1778 ἐς
1958 1740 2015 1779 cus·
2038 1737 2092 1791 fit

421 1794 617 1857 promtffio.
636 1796 790 1858 Qm
806 1792 974 1841 sensum
991 1809 1083 1840 non
1097 1793 1213 1841 male
1226 1792 1426 1840 secundo
1444 1793 1890 1857 Metamorphoseon
1907 1793 2088 1858 expres-

420 1856 475 1906 fit
492 1854 711 1908 Ovidius,
726 1855 803 1904 ubi
815 1854 1056 1921 promiffor
1072 1857 1114 1904 ei
1132 1857 1202 1904 cui
1215 1854 1486 1920 promiserat
1501 1858 1592 1905 ait:
1634 1867 1712 1904 Vox
1725 1876 1808 1903 mea
1815 1863 1929 1919 fabia
1939 1875 2011 1903 tua
2025 1860 2090 1915 est.

420 1918 509 1968 His
519 1921 719 1982 cognitis
735 1935 825 1966 non
837 1917 1080 1967 difficulter
1095 1918 1467 1982 respondebimus
1501 1919 1560 1966 ad
1575 1916 1784 1966 Connani
1801 1934 2087 1983 argumenta.

421 1980 551 2029 Nam
568 1982 989 2029 Iurisconsultomm
1006 1981 1121 2030 dieta
1136 1982 1194 2029 de
1212 1980 1351 2045 pastis
1376 1981 1505 2029 nudis
1523 2020 1534 2039 ‚
1549 1979 1785 2044 respiciunt
1814 1981 1911 2028 *id
1927 2020 1939 2038 ‚
1959 1980 2087 2043 quod

419 2044 643 2094 Romanis
657 2044 832 2110 legibus
847 2058 948 2092 erat
959 2044 1382 2107 introdustum,quae
1398 2044 1636 2092 deliberati
1651 2045 1787 2091 animi
1801 2043 1973 2108 iignum
1988 2059 2089 2090 cer-

420 2121 522 2155 tum
539 2107 864 2156 constituerunt
874 2107 1223 2171 stipulationem.
1256 2107 1426 2171 Neque
1462 2123 1678 2173 negamus
1689 2107 1850 2154 fimiles
1877 2106 1962 2153 effe
1988 2107 2031 2151 in
2044 2123 2089 2153 a·

420 2172 491 2218 liis
504 2171 683 2234 populis
694 2172 836 2236 leges.
876 2180 969 2234 Qae
982 2175 1043 2217 lex
1049 2175 1105 2217 ad
1116 2174 1160 2217 id
1164 2174 1412 2231 prastandum
1432 2189 1496 2217 nos
1506 2169 1607 2232 quod
1625 2174 1737 2216 alicui
1742 2171 1977 2232 promifimus
1991 2172 2087 2213 obli-

419 2251 491 2295 gat
507 2246 524 2280 ἓ
538 2234 601 2280 ait
618 2231 790 2281 Seneca
818 2232 878 2280 de
893 2232 994 2297 lege
1010 2233 1205 2281 humana
1219 2234 1268 2279 &
1300 2233 1327 2261 *
1371 2231 1586 2297 promisso
1603 2248 1695 2278 non
1713 2231 1951 2279 solenniter
1966 2229 2087 2277 fabio
2104 2228 2135 2260 V·
2148 2222 2297 2302 dgfffflef·

420 2297 626 2359 loquens.
663 2295 844 2344 Possunt
867 2310 1022 2343 autem
1048 2295 1306 2344 naturaliter
1339 2294 1575 2342 deliberati
1604 2295 1739 2341 a'nimi
1769 2295 1852 2341 alia
1868 2294 1952 2340 effe
1970 2293 2088 2355 ligna
2105 2285 2135 2308 ⁶·
2151 2279 2165 2306 ¹
2196 2292 2208 2306 ⁴

456 2373 586 2407 raeter
621 2359 954 2423 stipulationem
973 2396 985 2413 ,
1001 2373 1080 2406 aut
1098 2360 1128 2406 fi
1145 2357 1255 2421 quid
1270 2360 1312 2406 ei
1329 2358 1468 2405 simile
1489 2358 1549 2405 ad
1570 2356 1791 2404 actionem
1825 2355 2086 2419 pariendam

420 2374 498 2470 fex
512 2422 657 2469 civilis
668 2422 878 2484 postulat.
913 2421 1058 2485 Qod
1074 2434 1226 2469 autem
1249 2422 1300 2468 fit
1318 2422 1475 2467 animo
1509 2436 1601 2466 non
1624 2417 1875 2466 deliberato
1891 2457 1902 2474 ‚
1937 2417 1986 2464 id
2003 2432 2088 2464 nos

422 2501 606 2547 quoque
628 2485 687 2531 ad
715 2487 810 2533 vim
829 2483 938 2548 obli&
957 2483 1060 2531 andi
1088 2499 1180 2531 non
1197 2484 1422 2530 credimus
1438 2484 1693 2544 pertinere3
1721 2481 1846 2542 quod
1865 2482 1911 2527 δε
1924 2479 2088 2527 Theo-

422 2547 626 2611 phrastus
639 2547 761 2595 libro
774 2548 833 2595 de
846 2547 934 2610 legi
968 2564 1019 2594 us
1035 2560 1288 2596 notaverat.
1314 2547 1411 2591 imo
1431 2548 1480 2591 &
1499 2544 1626 2607 quod
1645 2543 1897 2590 deliberato
1911 2542 1961 2588 fit
1981 2581 1992 2599 ‚
2011 2540 2089 2588 sed

422 2625 515 2657 non
525 2625 586 2656 eo
603 2611 756 2657 animo
772 2648 784 2667 ‚
804 2624 854 2658 ut
880 2613 951 2671 jus
967 2610 1203 2672 proprium
1221 2608 1445 2655 concedat
1474 2608 1601 2654 alteri
1613 2644 1626 2663 ‚
1645 2623 1703 2653 ex
1718 2621 1775 2652 eo
1789 2621 2001 2668 negamus
2019 2606 2089 2664 jus

421 2671 636 2735 exigendi
651 2674 861 2735 cuiquam
875 2672 1134 2720 naturaliter
1149 2670 1247 2717 dari
1265 2709 1277 2726 ,
1297 2685 1568 2731 quamquam
1600 2683 1692 2715 non
1709 2668 1848 2714 solam
1885 2667 1987 2712 hinc
2001 2667 2089 2712 ho-

423 2735 637 2782 nestatem
659 2770 671 2785 ,
691 2734 768 2782 fied
783 2738 832 2782 δε
850 2734 1155 2782 neceffitatem
1171 2733 1399 2794 quandam
1416 2731 1635 2778 moralem
1664 2729 1777 2777 nasci
1792 2728 2088 2794 agnoscimus.

423 2796 505 2844 De
521 2812 580 2842 eo
596 2810 747 2844 autem
766 2797 894 2858 quod
910 2812 968 2845 ex
985 2795 1215 2844 Cicerone
1231 2794 1473 2842 adducitur
1490 2809 1673 2856 agemus
1693 2792 1806 2839 infra
1825 2831 1836 2849 ,
1848 2791 1923 2838 ubi
1939 2792 1996 2837 de
2022 2792 2090 2835 in-

423 2860 753 2922 terpretatione
767 2860 1003 2923 pastorum
1020 2858 1168 2905 sermo
1181 2859 1282 2905 erit.
1316 2855 1408 2904 Sed
1425 2873 1519 2919 quae
1536 2855 1594 2905 ad
1610 2854 1813 2919 perfectae
1829 2852 2090 2917 promistio-

423 2923 491 2971 nis
507 2922 602 2967 vim
617 2924 900 2982 requirantur
914 2921 1157 2968 videamus.

491 2982 547 3030 V.
586 2981 791 3029 Primum
806 2985 1046 3046 requiritur
1062 2982 1160 3029 usus
1177 2983 1364 3029 rationis
1384 2980 1521 3029 :ideo
1538 2980 1587 3026 &
1610 2977 1764 3025 furiofi
1791 3017 1803 3034 ,
1817 2979 1865 3024 &
1885 2976 2093 3044 amentiS‚

423 3044 666 3093 &infantis
678 3045 799 3091 nulla
815 3046 875 3091 est
892 3044 1145 3106 promissio,
1180 3043 1319 3090 Aliud
1336 3041 1603 3089 censendum
1623 3041 1680 3088 de
1693 3039 1953 3087 minoribus.
1984 3038 2029 3082 hi
2047 3052 2090 3082 e-

425 3109 522 3154 nim
535 3106 614 3153 etfi
633 3121 725 3152 non
738 3105 840 3153 satis
855 3108 1038 3153 firmum
1054 3107 1273 3167 judicium
1316 3104 1483 3152 habere
1497 3102 1738 3149 credantur
1755 3140 1764 3153 ‚
1779 3118 1829 3149 ut
1844 3103 1890 3147 &
1905 3100 2095 3153 feminae,

427 3169 477 3215 id
494 3183 649 3215 tamen
673 3183 754 3213 nec
771 3183 1039 3232 perpetuum
1073 3168 1135 3214 est
1152 3204 1164 3218 ,
1180 3184 1262 3214 nec
1281 3184 1362 3230 per
1378 3168 1420 3213 ie
1438 3165 1595 3213 sufficit
1612 3166 1669 3211 ad
1685 3164 1805 3210 aetus
1823 3164 1913 3211 vim
1924 3162 2096 3208 eliden-

428 3230 555 3279 dam.
595 3230 793 3294 Qndo
807 3245 957 3280 autem
973 3245 1083 3290 puer
1097 3245 1275 3278 ratione
1290 3231 1356 3278 uti
1374 3230 1570 3290 incipiat,
1588 3242 1676 3273 non
1695 3226 1838 3288 potest
1867 3239 1996 3337 eergo
2009 3225 2093 3296 de-

1979 3301 2057 3335 mn
2078 3296 2093 3331 :
