2475 3854
659 276 1636 321 ACPACIS‚LIB.111.
1892 289 1967 329 425

317 359 416 392 rem
428 344 614 391 alienam
631 357 689 390 ex
715 358 803 405 qua
828 356 1007 388 certum
1036 343 1150 388 mihi
1166 344 1412 405 periculum
1428 346 1637 392 imminet
1653 384 1664 401 ‚
1701 347 1814 394 citra
1828 347 1964 411 culpae
1984 345 2061 380 Μ·
2074 346 2194 391 dejure

319 408 467 455 alienae
483 404 889 452 considerationem
904 404 1114 452 invadere
1130 405 1320 466 possum:
1336 423 1426 453 non
1443 421 1594 453 tamen
1612 408 1822 457 dominus
1839 410 1931 457 fieri
1951 429 1962 459 ;
1981 390 2194 483 ζἠξζζιθβ

317 469 369 517 id
385 471 503 515 enim
522 467 580 514 ad
595 484 698 514 eum
711 469 842 514 finem
859 468 1258 514 accommodatum
1275 485 1367 516 non
1385 468 1444 515 est
1461 467 1564 516 :sed
1580 470 1802 518 custodire
1819 473 1966 521 donec
2011 449 2031 486 9
2102 449 2163 487 55‘

317 531 543 578 securitati
560 546 667 576 meae
684 529 781 577 satis
795 544 978 577 cautum
998 530 1049 576 fit
1068 546 1080 578 :
1107 530 1233 593 quod
1245 531 1387 593 ipsum
1403 547 1586 594 quoque
1599 533 1836 582 tractatum
1850 535 1910 581 est
1939 541 1965 583 a

317 592 451 639 nobis
468 592 583 638 alibi.
620 592 694 639 Sic
711 610 805 640 rem
822 608 970 638 meam
983 609 1117 655 quam
1135 592 1244 640 alius
1260 594 1430 640 detinet
1447 594 1617 655 eripere
1646 598 1685 641 ei
1705 598 1961 645 naturaliter
1981 618 2052 652 Lib.
2070 626 2162 659 mc,

317 655 431 702 mihi
446 656 514 714 jus
528 655 589 701 est
608 670 618 701 :
636 657 682 700 δι’
697 656 725 702 fi
740 655 787 701 id
804 655 1029 702 difficilius
1047 693 1058 712 ‚
1082 655 1204 701 aliud
1221 656 1483 702 tantundem
1500 656 1649 704 valens
1670 675 1679 705 ε
1696 673 1745 705 ut
1758 661 1805 705 δέ
1818 660 1959 708 debiti
1986 675 2039 702 11·
2059 670 2094 703 ‘l-
2112 675 2169 703 10·

317 716 619 779 consequendi
637 719 779 781 gratia
797 735 808 765 ε
835 717 993 780 quibus
1020 734 1077 764 ex
1093 717 1229 765 causis
1255 718 1509 764 dominium
1537 736 1718 782 quoque
1746 723 1956 783 sequitur,

316 782 423 842 quia
453 780 544 826 alio
574 779 721 826 modo
744 779 837 827 laesa
865 781 1087 842 aequalitas
1125 782 1322 840 reparari
1363 782 1532 842 nequit.
1566 781 1639 829 Sic
1664 783 1737 830 ubi
1765 785 1873 845 justa
1901 786 1962 832 est

315 844 490 906 punitio
510 881 521 899 ,
560 841 670 902 justa
694 844 828 890 etiam
863 845 930 891 vis
957 844 1103 890 omnis
1124 881 1136 899 ,
1169 843 1254 889 fine
1283 859 1369 905 qua
1401 843 1460 890 ad
1489 861 1663 907 poenam
1696 849 1836 894 veniri
1868 864 1958 895 non
1979 865 2101 900 Silam
2116 878 2191 900 ver.

315 905 463 968 potest
479 921 492 953 ε
509 906 556 950 &
569 920 706 950 omne
723 904 848 967 quod
864 922 1002 969 poenae
1018 922 1121 968 pars
1139 904 1212 961 est,
1228 921 1276 952 ut
1291 921 1438 953 rerum
1456 910 1692 969 corruptio
1713 924 1790 970 per
1805 913 1958 956 incen-
1978 914 2014 947 bo
2027 915 2188 958 bellum‚p.

315 966 446 1077 giam
456 982 535 1014 aut
561 966 688 1015 aliter
705 1006 718 1025 ‚
735 970 851 1015 intra
863 968 1028 1030 justum
1045 968 1208 1015 scilicet
1220 969 1268 1016 δε
1280 970 1357 1031 qui
1370 984 1560 1032 peccato
1575 972 1841 1035 respondeat
1852 990 1958 1021 mo-
1973 970 2136 1054 ggtssjo·
2151 973 2191 996 Ὀ·

353 1047 450 1076 um.

380 1093 402 1139 Ι
419 1094 439 1140 Ι
456 1091 495 1138 Ι.
529 1091 772 1138 Sciendum
791 1091 983 1139 secundo
1000 1092 1061 1140 est
1077 1093 1145 1154 jus
1162 1094 1355 1141 nostrum
1375 1110 1466 1140 non
1481 1110 1538 1141 ex
1555 1095 1652 1142 solo
1678 1094 1781 1142 belli
1795 1099 1959 1157 princi-

315 1156 397 1219 pio
410 1153 697 1217 spectandum
716 1191 726 1204 ‚
746 1153 820 1201 sed
838 1157 887 1201 &
900 1171 957 1201 ex
971 1156 1111 1202 causis
1126 1155 1478 1203 subnascentibus
1499 1197 1510 1214 ,
1540 1158 1646 1205 ficut
1664 1160 1767 1205 &in
1781 1161 1960 1220 judiciis

315 1217 416 1280 post
431 1218 558 1263 litem
574 1216 866 1264 contestatam
882 1219 951 1278 jus
966 1218 1071 1279 saepe
1087 1221 1201 1278 parti
1221 1235 1390 1266 novum
1409 1223 1595 1282 paritur.
1631 1219 1707 1265 Sic
1727 1224 1803 1282 qui
1821 1224 1864 1268 se
1879 1239 1960 1286 ag-

315 1294 507 1344 gregant
522 1294 597 1326 me
610 1281 863 1342 impetenti,
890 1280 979 1326 five
996 1281 1104 1327 socii
1121 1281 1208 1327 five
1225 1280 1400 1338 subditi,
1416 1284 1458 1328 in
1472 1281 1516 1328 se
1532 1286 1788 1344 quoquejus
1805 1285 1959 1331 tuendi

313 1357 392 1389 me
409 1343 517 1388 mihi
533 1345 785 1406 porrigunt.
823 1342 900 1388 Sic
916 1345 991 1404 qui
1004 1342 1125 1389 bello
1145 1342 1186 1389 se
1203 1344 1388 1390 miscent
1404 1345 1530 1403 quod
1544 1345 1745 1403 injustum
1759 1346 1833 1402 est,
1852 1363 1962 1407 prae-

314 1403 468 1452 sertim
487 1405 518 1451 fi
531 1404 608 1467 ipsi
623 1407 673 1452 id
689 1404 895 1465 injustum
910 1405 994 1452 effe
1020 1404 1131 1451 scire
1145 1406 1323 1468 poffunt
1336 1422 1385 1452 ac
1403 1406 1568 1453 debent
1586 1445 1597 1462 ‚
1627 1406 1829 1471 obligant
1844 1408 1884 1454 se
1901 1408 1960 1455 ad

313 1467 515 1530 sumptus
533 1469 581 1513 δε
608 1468 771 1513 damna
789 1467 1064 1514 resarcienda
1086 1505 1095 1522 ,
1132 1469 1237 1529 quia
1252 1468 1381 1530 culpa
1396 1468 1610 1514 damnum
1627 1469 1747 1515 dant.
1782 1468 1854 1516 Sic
1884 1472 1961 1532 qui

314 1529 439 1577 bello
458 1530 545 1576 fine
575 1528 800 1591 probabili
827 1531 1002 1576 ratione
1021 1529 1219 1592 suscepto
1247 1529 1463 1576 accedunt
1476 1569 1487 1585 ,
1520 1531 1596 1592 ipsi
1626 1545 1803 1593 quoque
1825 1548 1962 1594 poenae

315 1594 529 1639 meritum
545 1592 818 1638 contrahunt
837 1630 848 1646 ,
869 1608 955 1653 pro
975 1595 1146 1640 ratione
1162 1590 1375 1652 injustitiae
1393 1609 1485 1653 quae
1500 1592 1697 1654 ipsorum
1716 1593 1826 1638 aetui
1842 1595 1960 1640 inest.

315 1654 389 1701 Ita
416 1654 547 1700 Plato
565 1655 729 1714 probat
745 1653 912 1700 bellum
925 1654 1037 1713 ssffs'te‘
1055 1647 1084 1696 ἔ
1106 1656 1152 1696 οἷν
1169 1654 1200 1695 οἱ
1225 1648 1331 1695 οἰῖποι
1345 1653 1629 1705 οἵμοιγκοιοθῶστν
1649 1655 1732 1698 {1sz
1746 1655 1779 1695 232
1793 1654 1963 1696 οἱνοα-ιὶων

314 1716 522 1776 οἰλψύνπνν
539 1710 642 1769 δὲνιᾳ
665 1713 766 1762 δίκην
785 1749 798 1768 ,
832 1720 947 1762 donec
964 1722 1007 1762 hi
1020 1722 1214 1780 quifimtes
1226 1721 1323 1777 sunt
1339 1735 1519 1778 cogantur
1528 1722 1741 1778 insontibus
1756 1723 1854 1763 malo
1869 1723 1963 1779 affi-

316 1786 384 1826 {iia
396 1797 523 1838 poenas
540 1783 653 1825 dare..

382 1839 477 1888 IV.
513 1840 862 1888 Observandum
876 1842 1030 1891 tertio,
1048 1843 1073 1871 *
1091 1841 1150 1887 ad
1166 1842 1233 1901 jus
1250 1840 1409 1904 agendi
1427 1841 1570 1889 multa
1584 1840 1790 1903 consequi
1804 1841 1966 1888 indire-

314 1903 388 1951 ἃς
416 1905 463 1949 &
478 1918 608 1949 extra
626 1905 797 1968 agentis
814 1903 1096 1965 propositum
1113 1941 1125 1960 ,
1148 1903 1205 1949 ad
1221 1919 1314 1965 quae
1340 1903 1478 1966 perse
1493 1905 1563 1962 jus
1578 1919 1668 1950 non
1685 1905 1803 1950 ess'et.
1837 1904 1886 1950 In
1903 1903 1964 1950 sui

316 1961 576 2012 defensione
594 1966 835 2028 quomodo
852 1966 898 2012 id
915 1966 1067 2012 locum
1087 1966 1251 2012 habeat
1264 1967 1584 2029 explicavimus
1599 1965 1803 2012 alibi.Sic
1819 1982 1869 2013 ur
1878 1982 1963 2013 no-
1979 1979 2055 2015 ιἰεῑ,
2071 1979 2103 2012 d.
2115 1979 2192 2013 libro

314 2029 454 2077 strum
469 2027 793 2090 consequamur
812 2067 823 2084 ,
855 2029 885 2075 si
898 2028 1164 2076 tantundem
1181 2029 1320 2089 accipi
1339 2044 1427 2073 non
1445 2028 1591 2093 potest
1606 2066 1618 2083 ,
1648 2029 1746 2090 plus
1763 2031 1963 2092 accipere
1981 2039 2070 2061 num.
2087 2036 2145 2073 37-

317 2091 452 2140 nobis
478 2093 546 2149 jus
559 2090 619 2137 est
637 2129 648 2146 ‚
677 2091 752 2137 sub
771 2091 1052 2154 obligatione
1066 2105 1218 2137 tamen
1238 2089 1492 2137 restituendi
1520 2091 1713 2153 pretium
1732 2093 1827 2150 ejus
1840 2091 1964 2153 quod

317 2153 558 2203 redundat.
593 2153 668 2200 Sic
690 2155 816 2200 navis
830 2155 984 2213 piratis
1001 2154 1126 2215 plena
1143 2167 1218 2199 aut
1235 2152 1402 2199 domus
1418 2152 1666 2200 latronibus
1685 2192 1696 2208 ,
1728 2156 1964 2201 tormentis

318 2217 411 2281 peti
429 2216 574 2278 potest
593 2254 604 2272 ‚
633 2216 801 2262 etiamsi
819 2219 934 2261 intra
951 2216 1141 2261 eandem
1157 2231 1316 2261 navem
1334 2229 1408 2261 aut
1435 2215 1629 2262 domum
1647 2215 1730 2260 fint
1747 2218 1876 2277 pauci
1893 2218 1963 2262 in-

318 2280 468 2328 fantes
484 2317 496 2335 ,
514 2278 724 2325 mulieres
743 2293 819 2324 aut
836 2278 1002 2340 alioqui
1020 2279 1282 2323 innocentes
1295 2276 1453 2339 quibus
1468 2278 1573 2324 inde
1589 2292 1766 2323 creetur
1790 2280 1963 2338 pericu-

318 2343 430 2390 lum.
466 2351 546 2387 Nec
557 2359 643 2388 reus
655 2345 702 2394 el?
715 2346 847 2385 mortis
860 2345 989 2386 aliena
1006 2373 1018 2388 ‚
1033 2340 1178 2401 inquit
1189 2339 1451 2402 Augustinus
1468 2378 1479 2393 ‚
1514 2344 1663 2400 quisua
1671 2342 1864 2400 paffeffioni
1877 2360 1961 2385 mu·
1979 2336 2047 2390 Ad
2074 2334 2162 2368 Pube.

318 2424 410 2452 rum
432 2407 698 2451 circumduxit,
715 2402 753 2461 fi
765 2405 900 2464 aliquis
927 2420 972 2446 ex
995 2405 1155 2461 ipsbrum
1171 2405 1242 2458 usu
1252 2405 1623 2461 percuffmintereat.
1656 2400 1745 2445 Sed
1760 2399 1866 2446 ficut
1884 2418 1963 2447 an·
1979 2383 2065 2428 ‘pst‘
2088 2390 2167 2427 ¹54¹

320 2467 454 2513 tehac
466 2466 725 2511 monuimus
739 2461 846 2525 saepe
860 2501 872 2518 ‚
906 2478 997 2507 non
1014 2461 1187 2521 semper
1198 2477 1256 2508 ex
1271 2463 1394 2508 omni
1414 2477 1541 2523 parte
1570 2462 1741 2507 licitum
1757 2462 1817 2507 est
1834 2464 1961 2523 quod

319 2529 405 2590 juri
422 2528 565 2575 stricte
598 2525 775 2588 sumpto
802 2525 1024 2588 congruit.
1058 2521 1182 2584 Saepe
1197 2525 1314 2569 enim
1349 2525 1544 2584 proximi
1570 2526 1734 2570 caritas
1751 2539 1840 2569 non
1857 2540 1962 2585 per-

320 2593 471 2638 mittet
487 2604 535 2636 ut
552 2588 727 2635 summo
756 2588 855 2646 jure
869 2602 1068 2631 utamur.
1101 2587 1255 2645 Quare
1271 2587 1404 2630 etiam
1429 2602 1523 2646 quae
1538 2600 1663 2632 extra
1679 2586 1961 2647 propositum

321 2653 549 2707 accidunt,
568 2652 616 2695 δε
633 2648 835 2696 accidere
854 2648 975 2710 poffe
993 2648 1289 2707 praevidentur
1313 2684 1324 2699 ,
1343 2648 1544 2694 cavenda
1561 2662 1686 2693 erunt
1706 2685 1717 2702 ,
1752 2648 1826 2693 nifi
1846 2649 1962 2693 mul-

321 2730 373 2763 to
387 2717 530 2775 majus
548 2713 599 2760 fit
616 2713 787 2759 bonum
807 2725 900 2771 quo
915 2709 1059 2755 nostra
1085 2709 1201 2754 aetio
1219 2708 1365 2754 tendit
1384 2746 1395 2762 ,
1431 2725 1566 2769 quam
1584 2709 1748 2755 malum
1768 2709 1812 2753 id
1833 2710 1959 2768 quod

321 2779 540 2825 metuitur
560 2814 571 2831 ‚
602 2788 678 2821 aut
704 2773 779 2819 nisi
808 2774 853 2818 in
871 2773 969 2832 pari
983 2771 1107 2817 bono
1127 2772 1174 2816 &
1191 2771 1311 2815 malo
1329 2770 1475 2815 multo
1492 2772 1641 2829 major
1667 2771 1719 2816 sit
1744 2771 1837 2832 spes
1852 2771 1960 2817 boni

321 2857 458 2903 quam
472 2839 575 2884 mali
597 2851 757 2890 metus,
777 2834 902 2896 quod
919 2833 1159 2895 prudentiae
1173 2831 1476 2878 arbitrandum
1494 2833 1755 2896 relinquitur
1777 2849 1786 2878 :
1804 2832 1878 2878 sed
1896 2835 1961 2879 ita

323 2918 375 2948 ut
393 2901 562 2961 semper
580 2901 622 2944 in
640 2898 781 2944 dubio
799 2896 854 2942 ad
875 2912 971 2941 eam
989 2911 1160 2957 partem
1191 2911 1282 2955 quae
1309 2894 1434 2938 alteri
1453 2896 1593 2957 magis
1609 2911 1743 2956 quam
1758 2893 1833 2939 sibi
1851 2910 1961 2940 con-

322 2964 441 3018 sulit,
455 2977 505 3008 ut
524 2962 756 3016 tutiorem,
773 2957 1072 3004 inclinandum
1089 2957 1152 3001 sit.
1177 2963 1299 3007 ,Sinite
1313 2960 1462 3015 crescere
1478 2963 1634 3003 *imma
1653 2991 1662 3004 ‚
1682 2957 1820 3016 inquit
1838 2959 1959 3018 opti·
1980 2975 2125 3008 Mathai

324 3042 427 3073 mus
451 3023 658 3087 magister
675 3059 686 3078 ,
725 3026 874 3069 nedum
887 3039 929 3065 ea
943 3024 1090 3066 evellere
1103 3023 1234 3072 vultis,
1253 3023 1419 3064 evellatis
1433 2996 1676 3072 &Xiriticuym
1714 3022 1854 3062 Multos
1868 3025 1961 3063 occi·
1982 3033 2023 3056 xl
2036 3030 2048 3055 1
2061 3031 2070 3054 ¹
2082 3048 2090 3060 ›
2111 3031 2167 3065 29·

324 3093 414 3135 dere
428 3090 474 3141 εἴ
484 3090 701 3144 indiscretos
714 3122 726 3139 ‚
749 3084 892 3143 inquit
912 3081 1079 3128 Seneca
1106 3119 1116 3133 ,
1136 3084 1297 3126 incendit·
1316 3078 1364 3129 69³
1376 3085 1487 3126 ruina
1498 3087 1667 3140 potentia
1681 3083 1739 3138 est.
1777 3079 1960 3125 Doccnt
1981 3070 2082 3127 Tlafm.
2103 3078 2136 3108 ²³
2153 3077 2169 3101 ²

326 3166 412 3198 nos
429 3148 617 3195 historiae
637 3163 769 3206 quam
787 3145 893 3190 seria
910 3145 1182 3206 poenitentia,
1197 3141 1435 3187 Ambrofio
1451 3156 1663 3187 monente
1684 3180 1692 3196 ,
1710 3141 1852 3205 talem·
1865 3143 1959 3187 vin-
1980 3123 2186 3200 {24:2⁴2}

328 3212 454 3258 diftae
479 3208 809 3257 immodestiam
840 3206 1127 3252 Theodosius
1154 3205 1414 3265 expiaverit.
1447 3203 1549 3249 Nec
1568 3205 1596 3250 si
1615 3203 1720 3266 quid
1743 3204 1866 3249 Deus
1895 3206 1961 3248 in-
1983 3210 2032 3242 Lu
2048 3207 2189 3242 declem·

329 3274 513 3321 terdum
529 3271 637 3320 facit
655 3271 744 3318 tale
763 3308 775 3328 ‚
811 3269 857 3316 id
875 3268 1007 3315 nobis
1036 3269 1080 3313 in
1096 3267 1353 3375 gegnplum
1384 3266 1657 3315 trahendum
1676 3266 1763 3322 est,
1784 3266 1844 3312 ob
1867 3265 1961 3372 pise-

1229 3342 1253 3389 ς
1837 3336 1900 3373 nil
1924 3343 1960 3372 1-
