2475 3854
748 283 1707 326 nerncxs,t1i³.11.
2011 300 2076 340 ηπ

403 366 502 464 ῗιικ
518 350 613 414 iam
630 350 831 399 diximus
847 389 859 408 ‚
895 364 1049 400 tamen
1066 352 1277 401 adversus
1293 356 1655 416 praesumtionem
1676 374 1765 419 qua
1793 359 1978 422 quisque
1996 362 2071 409 sua
2093 384 2303 420 Aumdecla·

424 431 583 467 ervare
606 413 725 462 velle
741 414 940 462 creditur
963 454 974 472 ,
1009 416 1206 463 validior
1234 416 1294 462 est
1313 419 1453 465 altera
1472 455 1483 472 ‚
1520 419 1647 481 quod
1663 422 1884 469 credibile
1899 440 1991 470 non
2007 424 2067 471 est
2091 414 2175 477 vasi?
2207 436 2239 465 m

405 493 664 543 quenquam
679 477 774 536 ejus
789 476 915 539 quod
934 478 1030 526 vult
1049 517 1061 537 ‚
1093 479 1237 541 longo
1254 492 1463 542 tempore
1480 484 1504 512 *
1533 483 1700 531 nullam
1716 484 1844 547 plane
1861 485 1998 533 edere
2015 487 2070 535 fi-
2091 477 2232 520 fim‘md’
2244 483 2280 513 ¹³²

405 542 750 607 gnificationem
773 542 1007 586 idoneam.
2090 526 2186 557 “erl‘'
2212 530 2270 559 ¹²¹*

472 604 572 651 IX.
603 603 670 649 Ac
687 600 811 649 forte
828 617 919 648 non
940 601 1306 665 improbabiliter
1335 603 1424 652 dici
1442 606 1591 669 potest
1617 625 1706 656 non
1735 610 1819 656 effe
1838 611 1953 659 hanc
1970 629 2070 661 rem
2089 581 2205 608 mma·

405 666 454 714 in
469 666 564 714 sola
581 664 894 729 praesumtione
912 664 1105 728 politam
1126 704 1136 721 ‚
1173 665 1249 711 scd
1265 671 1288 696 *
1307 668 1406 725 jure
1431 672 1632 732 gentium
1659 672 1918 721 voluntario
1936 676 2071 724 indu-

409 730 526 778 stam
541 729 654 775 hanc
669 728 833 792 legem,
849 743 896 774 ut
914 727 1123 791 polscffio
1142 730 1411 776 memoriam
1427 733 1647 780 excedens
1665 774 1675 792 ‚
1695 752 1787 782 non
1800 738 2068 800 interrupta,

410 809 491 840 nec
527 792 859 856 provocatione
890 790 948 838 ad
983 790 1201 837 arbitrum
1234 794 1519 854 interpellata
1537 834 1548 851 ,
1584 800 1775 844 omnino
1806 800 2067 848 dominium

411 853 693 904 transferret.
728 853 965 901 Credibile
984 854 1044 901 cst
1061 855 1182 899 enim
1200 855 1243 899 in
1261 855 1307 900 id
1325 855 1582 904 conseniilse
1596 874 1753 921 gentes
1768 900 1778 917 ‚
1800 877 1904 908 cum
1916 863 1973 909 ad
1989 880 2070 926 pa-

411 935 515 967 cem
530 934 824 966 communem
841 916 887 962 id
905 917 975 966 vel
1000 918 1200 963 maxime
1213 918 1451 965 intercssct.
1486 917 1664 968 Merito
1682 938 1831 970 autem
1849 923 1948 971 dixi
1973 925 2071 989 post
2088 940 2276 979 Libxxxv.

411 979 647 1029 sessionem
664 996 754 1026 non
769 982 1066 1043 interruptam
1086 1018 1096 1033 ,
1116 979 1238 1025 idest
1252 1018 1262 1035 ,
1284 994 1333 1025 ut
1353 979 1568 1043 sulpitius
1586 985 1705 1047 apud
1718 986 1901 1034 Livium
1917 989 2070 1051 loqui-

413 1059 503 1101 tur,
522 1065 597 1092 uno
615 1041 840 1105 &perpetuo
855 1060 980 1089 tenore
993 1048 1092 1103 juris
1104 1048 1251 1105 semper
1259 1047 1451 1105 ufitrpato,
1469 1065 1665 1110 nunquam
1679 1055 1893 1111 intermissi).
1931 1051 2062 1098 Idem
2121 1100 2125 1105 ,

414 1107 520 1155 alibi
537 1106 655 1153 dixit
676 1122 686 1153 :
705 1121 924 1167 perpetuam
947 1107 1183 1169 poſjbffionem
1214 1125 1260 1151 ac
1286 1111 1388 1152 nullo
1422 1112 1644 1169 ambigente.
1680 1106 1806 1157 Nam
1824 1112 2068 1162 desultoria
2087 1097 2303 1136 L’b'xxnv‘

414 1169 623 1235 poffeffio
642 1168 752 1215 nihil
768 1167 918 1217 efficit,
937 1166 1181 1229 quomodo
1199 1167 1412 1215 Numidae
1424 1170 1707 1234 excipiebant
1723 1172 1932 1224 adversus
1949 1176 2068 1224 Car-

415 1230 738 1299 thaginienses:
750 1249 815 1294 per
833 1238 1105 1293 oportunitates
1121 1250 1220 1276 nunc
1234 1237 1313 1277 illos
1330 1270 1342 1288 ‚
1360 1251 1462 1279 manc
1476 1253 1575 1296 reges
1602 1239 1868 1285 Numidarum
1882 1244 2065 1302 usurpasti

406 1304 478 1357 jua
494 1335 505 1352 ,
517 1301 738 1357 semperque
750 1310 854 1355 penes
866 1314 950 1339 eum
961 1294 1199 1354 possessionem
1207 1298 1322 1355 fuisse
1337 1302 1404 1357 qni
1412 1300 1493 1357 plus
1506 1305 1626 1344 armis
1639 1302 1824 1360 potuiffet.

480 1358 543 1405 X.
579 1355 672 1404 Sed
692 1357 775 1403 alia
792 1356 865 1402 liic
883 1395 894 1412 ,
926 1358 974 1402 δε
991 1355 1174 1417 quidem
1194 1356 1497 1418 perdifficilis,
1530 1357 1758 1409 suboritur
1770 1362 1947 1424 quaestio
1969 1385 1983 1423 3
2014 1380 2073 1414 an'

414 1420 622 1470 nondum
642 1422 758 1466 natis
788 1421 855 1478 jus
883 1419 1008 1465 suum
1027 1419 1163 1464 tacite
1181 1418 1257 1465 tali
1275 1418 1567 1468 derelictione
1583 1425 1721 1486 poffit
1749 1425 1987 1473 decedere.
2023 1428 2073 1473 Si

415 1499 508 1530 non
523 1483 645 1546 poffe
661 1481 866 1532 dicimus,
881 1481 989 1528 nihil
1005 1480 1061 1528 ad
1073 1482 1445 1543 tranquillitatem
1464 1485 1756 1549 imperiorum
1772 1505 1823 1535 ac
1841 1488 2074 1536 dominio-

417 1562 517 1593 rum
535 1542 730 1609 profecit
745 1545 892 1591 modo
909 1544 1017 1600 data
1035 1542 1238 1590 definitio
1256 1584 1267 1602 ‚
1299 1562 1403 1594 cum
1421 1546 1631 1610 pleraque
1650 1548 1759 1595 talia
1779 1549 1858 1596 sint
1873 1590 1884 1606 ,
1921 1569 1970 1598 ut
1986 1569 2069 1615 po-

417 1608 544 1656 steris
561 1606 825 1654 debeantur.
845 1604 922 1653 Sin
939 1606 1059 1666 poffe
1075 1606 1352 1656 affirmamus
1372 1647 1384 1665 ,
1403 1610 1569 1656 mirum
1585 1610 1816 1658 videbitur
1833 1614 2074 1675 quomodo

417 1687 586 1719 nocere
603 1670 826 1718 silentium
844 1669 981 1731 poffit
997 1669 1065 1716 his
1082 1671 1156 1729 qui
1174 1669 1298 1733 loqui
1314 1688 1402 1718 non
1415 1687 1672 1734 potuerunt,
1692 1676 1858 1739 quippe
1874 1693 1976 1723 cum
1990 1692 2073 1723 nec

419 1735 658 1786 existerent
673 1754 686 1789 3
700 1747 775 1779 aut
787 1731 1030 1795 quomodo
1046 1732 1238 1780 aliorum
1256 1732 1425 1781 fastum
1442 1735 1540 1781 aliis
1554 1734 1724 1782 damno
1735 1738 1819 1784 ess'e
1837 1739 1982 1802 poffit.
1997 1739 2071 1786 Ad

419 1797 550 1858 liujus
567 1795 676 1842 nodi
696 1795 966 1842 solutionem
979 1793 1208 1842 sciendum
1225 1797 1287 1843 est
1303 1834 1313 1848 ‚
1335 1801 1430 1858 ejus
1445 1800 1518 1859 qui
1537 1798 1735 1845 nondum
1753 1815 1880 1847 natus
1896 1803 1955 1848 est
1973 1804 2072 1848 nul-

420 1860 513 1907 lum
531 1859 615 1906 effe
632 1861 699 1918 jus
718 1897 729 1913 ‚
759 1857 867 1908 ficut
883 1874 964 1904 nec
983 1857 1072 1904 ulla
1084 1856 1179 1904 sunt
1196 1859 1443 1906 accidentia
1458 1862 1520 1906 rei
1539 1877 1628 1906 non
1644 1863 1882 1909 existentis.
1918 1868 2074 1929 Qare

420 1923 453 1971 fi
473 1923 682 1985 populus,
694 1925 721 1970 ὲ
736 1921 865 1981 cujus
882 1920 1115 1968 voluntate
1133 1921 1201 1978 jus
1217 1922 1430 1988 regnandi
1452 1924 1746 1985 proficiscitur
1765 1965 1775 1981 ,
1794 1927 2076 1974 voluntatem

422 2000 569 2033 mutet
588 2024 599 2041 ,
627 1986 680 2032 iis
697 1986 771 2048 qui
793 1983 997 2030 nondum
1016 1983 1108 2029 nati
1126 1984 1224 2031 sunt
1242 2023 1253 2040 ,
1288 2000 1336 2032 ut
1354 1985 1512 2047 quibus
1537 1989 1604 2043 jus
1622 1988 1847 2047 quaefitusn
1872 1990 2075 2036 nondum

421 2047 485 2096 est
502 2087 514 2105 ‚
543 2047 711 2095 nullam
733 2045 842 2093 facit
871 2048 1098 2101 iniuriam·
1133 2045 1260 2094 Sicut
1284 2063 1436 2094 autem
1465 2049 1655 2110 populus
1685 2050 1881 2112 express'e
1900 2067 2075 2098 mutare

422 2111 703 2160 voluntatem
723 2109 886 2172 potest,
904 2110 968 2156 ita
983 2111 1032 2155 &
1048 2110 1184 2156 tacite
1199 2110 1325 2156 credi
1341 2110 1542 2157 mutass'c.
1568 2111 1752 2158 Mutata
1768 2115 1902 2175 igitur
1921 2115 2075 2176 populi

423 2174 671 2230 voluntate,
690 2176 714 2204 *
727 2187 872 2236 neque
883 2171 994 2219 dum
1011 2171 1226 2218 existente
1241 2188 1402 2219 eorum
1416 2176 1513 2233 jure
1531 2174 1606 2234 qui
1622 2173 1863 2235 exspectari
1883 2177 2075 2239 poliiint3

456 2236 678 2284 arentibus
695 2251 849 2283 autem
867 2238 894 2282 ὲ
908 2235 1071 2298 quibus
1086 2233 1198 2282 nasci
1214 2235 1387 2299 polsunt
1407 2275 1418 2290 ,
1435 2237 1511 2297 qui
1530 2237 1596 2293 jus
1615 2236 1691 2281 suo
1710 2252 1920 2299 tempore
1937 2239 2073 2285 essent

423 2254 621 2347 liabituri
641 2336 653 2354 ,
684 2297 732 2345 id
748 2297 894 2362 ipsum
911 2300 979 2357 jus
992 2296 1400 2359 derelinquentibus
1418 2336 1428 2353 ,
1447 2298 1557 2344 nihil
1571 2297 1631 2343 est
1653 2299 1777 2359 quod
1794 2300 1938 2346 obstet
1957 2316 2075 2362 quo-

425 2363 572 2409 minus
586 2361 699 2409 illud
715 2376 765 2409 ut
783 2360 1049 2408 derelichim
1071 2359 1128 2407 ab
1147 2360 1237 2406 alio
1256 2362 1467 2421 occupari
1487 2360 1638 2422 poffit.
1670 2361 1856 2424 Agimus
1871 2361 1929 2407 de
1946 2378 2073 2409 natu-

427 2425 506 2473 rali
519 2425 619 2485 jure
636 2463 648 2480 ,
675 2440 780 2471 nam
796 2426 896 2484 jure
922 2423 1044 2470 civili
1057 2438 1105 2469 ut
1124 2423 1215 2469 aliae
1231 2421 1430 2469 fiffiones
1448 2461 1459 2479 ‚
1497 2425 1559 2469 ita
1576 2423 1623 2467 δε
1639 2423 1729 2468 hcec
1745 2424 1972 2470 introduci
1987 2440 2075 2488 po-

426 2487 510 2535 test
530 2525 542 2543 ‚
573 2486 600 2514 *
617 2501 666 2533 ut
682 2502 844 2533 eorum
860 2487 937 2548 qui
954 2484 1155 2532 nondum
1173 2483 1266 2532 sunt
1294 2485 1529 2547 personam
1548 2485 1622 2529 lex
1648 2486 1827 2531 interim
1843 2484 2047 2532 sustineat
2060 2526 2073 2543 ‚

428 2564 563 2613 atque
579 2550 640 2597 ita
655 2549 875 2612 impediat
888 2586 900 2605 ‚
920 2563 976 2594 ne
989 2548 1097 2611 quid
1113 2548 1349 2596 adverlhm
1368 2563 1449 2593 cos
1466 2549 1674 2609 occupari
1692 2547 1851 2608 possit:
1871 2549 1997 2610 quod
2011 2565 2080 2596 ta·

429 2627 534 2660 men
549 2611 671 2675 leges
694 2612 810 2660 velle
822 2626 916 2658 non
932 2625 1104 2658 temere
1121 2609 1344 2657 censendae
1361 2609 1456 2656 sunt
1471 2646 1481 2660 ‚
1508 2612 1608 2671 quia
1630 2612 1802 2670 privata
1817 2611 1890 2657 issa
1911 2613 2081 2659 utilitas

427 2674 612 2740 publicae
627 2673 762 2722 valde
778 2688 1017 2737 repugnat.
1044 2672 1175 2721 Vnde
1192 2673 1323 2719 &illa
1340 2670 1505 2725 Feuda,
1527 2688 1619 2733 quae
1637 2688 1723 2718 non
1740 2687 1799 2719 ex
1815 2675 1912 2733 jure
1926 2676 2080 2735 proxi·
2100 2648 2289 2744 {ffgffiffgss

430 2739 495 2786 mi
511 2736 857 2801 poffess'oris‚sed
871 2752 928 2783 ex
945 2738 991 2784 vi
1009 2736 1268 2784 investiturae
1285 2736 1517 2799 primitivae
1534 2733 1811 2790 defenintur,
1826 2737 1967 2798 longo
1984 2738 2081 2783 lutis
2102 2765 2193 2810 spec·
2211 2768 2250 2795 m
2274 2763 2312 2794 de

430 2815 642 2863 tempore
655 2801 822 2863 acquiri
838 2798 960 2861 polse
990 2799 1219 2862 receptior
1240 2798 1453 2845 sententia
1469 2796 1530 2842 est
1546 2816 1561 2854 3
1593 2797 1717 2857 quod
1735 2798 1791 2843 ad
1809 2800 1908 2857 jura
1924 2799 2082 2858 Majo-
2096 2812 2166 2854 [εκ.
2185 2820 2213 2846 s.
2225 2809 2315 2849 ΞΜ-

432 2877 554 2911 ratus
572 2900 585 2919 ,
616 2864 664 2909 &
681 2864 739 2910 ad
757 2878 827 2914 res
846 2859 1189 2908 fideicommissb
1222 2860 1446 2907 obnoxias
1462 2896 1475 2914 ‚
1511 2875 1598 2905 non
1630 2860 1816 2907 infirmis
1835 2861 2083 2907 rationibus
2100 2872 2188 2892 ”mm
2206 2853 2313 2921 {ws-

432 2925 638 2973 subnixus
654 2924 867 2987 producit
898 2922 1057 2971 summi
1077 2924 1227 2971 'udicii
1248 2920 1585 2970 Iurisconsultus
1606 2920 1934 2970 Covarruvias.
1950 2923 2081 2970 Nihil
2106 2912 2317 2994 ἓχηῗᾚζω·

434 2989 556 3034 enim
574 2987 787 3048 prohibet
805 2989 1045 3048 quominus
1067 2941 1166 3050 iege
1183 2987 1305 3033 civili
1321 2988 1392 3046 jus
1409 2983 1495 3032 tale
1512 2984 1738 3031 introduci
1756 2984 1889 3047 poffit
1910 3024 1920 3041 ‚
1957 2985 2081 3047 quod
2103 3001 2180 3044 ems
2195 3004 2288 3037 sare.

434 3065 526 3095 uno
543 3049 643 3095 actu
665 3050 843 3096 alienari
859 3049 1085 3097 licitenon
1102 3048 1236 3111 poffit
1255 3070 1269 3108 3
1295 3047 1433 3111 possit
1451 3062 1600 3093 tamen
1615 3047 1673 3093 ad
1684 3047 1914 3094 vitandam
1931 3047 2085 3093 domi·
2106 3047 2152 3080 de
2168 3046 2294 3080 ’Μυῖ-

436 3112 617 3157 niorum
646 3111 1016 3157 incertitudinem
1048 3115 1160 3158 certi
1188 3113 1410 3174 temporis
1437 3109 1639 3169 neglectu
1672 3110 1817 3155 amitti
1837 3126 1848 3157 :
1876 3125 2009 3172 atque
2025 3110 2086 3155 ita
2108 3092 2320 3133 ¹¹¹⁰¹¹⁸⁵’§'⁶

437 3173 591 3227 etiam,
609 3186 659 3219 ut
675 3174 896 3221 exstitnris
914 3173 1030 3222 salva
1048 3173 1099 3220 lit
1117 3175 1234 3222 aftio
1247 3162 1738 3237 perlbnalishdversum
1752 3187 1832 3218 eos
1844 3188 1921 3234 qui
1938 3172 2089 3236 negle-
2109 3141 2322 3231 'Sirjsb'uffff

438 3249 617 3289 xerunt,
637 3250 714 3283 aut
736 3251 898 3282 eorum
916 3233 1117 3284 heredes.
2114 3233 2324 3275 &snum-‘³⁶

510 3295 562 3346 X
573 3296 611 3345 1.
644 3298 715 3346 Ex
728 3299 798 3347 his
811 3313 905 3360 quae
922 3296 1122 3346 diximus
1132 3314 1334 3361 apparet,
1355 3300 1403 3349 &
1419 3301 1515 3365 regi
1531 3296 1740 3348 adversus
1758 3313 1913 3362 regem
1927 3333 1939 3350 ‚
1955 3297 2100 3359 &po-
2114 3289 2327 3373 ‘X2'3·‘3⁷Jffrfij

1987 3360 2096 3424 pulo
2117 3379 2179 3420 m,
2194 3388 2226 3412 n.
2240 3383 2303 3421 90·
