2380 3917
354 310 428 346 270
727 298 836 335 οε
941 296 1204 333 1vn13
1302 299 1615 336 nstt1

352 368 508 415 beram
538 364 586 411 &
634 365 723 410 iam
740 377 904 410 vocem
921 360 1132 408 Fulconis
1162 360 1499 425 Archiepiscopi
1516 362 1748 425 quondam
1764 361 2014 425 Remensis,

124 447 215 483 rme.
236 446 259 479 Ι,
280 453 332 481 iv.
358 430 581 478 Carolum
633 426 862 489 implicem
880 424 937 470 fic
948 424 1237 471 admonentis
1256 439 1268 470 ε
1300 432 1398 487 Qu
1420 444 1496 470 non
1523 431 1749 488 expavescat
1765 449 1833 475 vos
1849 433 1874 458 *
1892 437 2024 476 inimi-

124 495 247 538 inst-m
276 497 338 526 Re·
358 512 484 539 corum
503 497 578 536 Dei
595 496 810 535 amicitiam
825 492 933 542 velle,
953 504 997 531 ac
1015 494 1058 532 in
1074 490 1218 532 cladem
1238 485 1288 536 Εἴ
1300 494 1458 532 ruinam
1471 495 1635 534 nominis
1651 493 1861 548 chnstiani
1879 526 1889 540 ,
1900 506 2023 553 paga-

126 541 235 588 W’fi'
246 553 274 574 ‘·
286 542 321 577 ⁶·
356 576 408 603 na
424 574 533 600 arma
554 556 603 607 εἰ
610 555 748 616 federa
770 554 955 611 suscipere
969 548 1226 606 detestanda?
1253 552 1370 593 Nihil
1385 554 1485 594 enim
1511 552 1627 606 distat
1642 567 1779 596 utrum
1791 558 1875 615 quis
1899 556 1940 612 se
1951 565 2021 613 pm

352 623 458 681 gan&
474 621 580 670 faciet
596 651 606 664 ‚
632 635 683 659 an
700 617 889 673 abnegato
905 621 986 657 Deo
998 614 1110 656 'idola
1126 616 1236 657 colat.
1273 608 1430 656 Exstat
1447 610 1568 673 apud
1589 612 1829 660 Arrianum
1847 613 2022 662 distum

354 672 621 727 Alexrandri:
651 671 789 715 &bingin
802 671 962 728 pasya'M
976 671 1045 718 τὲς
1059 669 1311 729 ςΡοιἾόῢομᾚκς
1327 664 1466 714 ἱναθῖέαι
1481 673 1687 728 τζΓΕλλιίῶ
1702 666 1823 739 ᾧ
1837 679 1906 722 τοῖς
1920 683 2021 735 fiae..

354 742 490 797 5439&
506 773 517 791 ,
546 730 666 798 νωθὲς)
681 736 731 777 m*
746 732 983 790 δῖγμοιᾶυπί
997 737 1068 776 πῧν
1084 738 1264 780 limium:
1296 742 1475 796 graviter
1500 755 1557 781 eos
1570 741 1785 802 delinquere
1801 775 1814 796 ‚
1848 746 1916 802 qui
1942 744 2023 785 ad-

359 810 519 859 versiam
539 812 674 848 Grecos
691 803 874 845 Barbam
888 803 1116 848 militarent,
1138 816 1269 844 contra
1289 807 1617 856 Graecorum-rum.

132 887 147 915 1
165 881 330 923 cmxn,
418 865 505 914 XI
526 864 559 911 Ι.
594 863 708 909 Illud
739 863 814 908 hic
841 859 1008 906 addam
1030 898 1040 915 ,
1069 876 1174 906 cum
1194 875 1358 906 omnes
1388 856 1630 909 Christiani
1656 863 1786 909 unius
1809 859 2021 926 corporis

135 927 194 969 18,
205 928 265 964 ²6·
354 928 560 976 membra
574 927 767 986 sint‚quae
783 923 996 985 jubentur
1013 923 1098 969 alia
1113 922 1307 970 aliorum
1324 922 1514 969 dolores
1527 939 1584 970 ac
1597 925 1716 972 mala
1732 925 2021 987 persentisce-

353 1008 418 1047 re,
434 992 540 1038 sicut
558 989 603 1035 id
619 987 675 1035 ad
694 986 890 1051 singulos
900 987 1114 1050 pertinet,
1126 986 1189 1031 ita
1205 987 1254 1032 δε
1267 984 1325 1032 ad
1339 985 1534 1049 populos
1581 998 1637 1034 ua
1654 988 1808 1051 populi
1825 986 1923 1035 sunt
1936 1026 1949 1045 ,
1969 985 2020 1036 δι’

353 1056 412 1102 ad
438 1069 565 1118 reges
582 1067 671 1115 qua
684 1065 814 1097 recres
832 1050 1070 1114 pertinere.
1103 1046 1181 1094 Ne
1216 1063 1272 1094 ue
1296 1049 1414 1095 enirn
1432 1064 1517 1110 pro
1567 1066 1592 1095 e
1617 1051 1800 1114 quisque
1824 1064 2018 1109 tantum,

355 1117 433 1166 sed
452 1120 499 1163 &
515 1132 599 1181 pro
614 1090 828 1161 mand—’ata
842 1112 921 1160 fibi
939 1111 1158 1174 potestate
1194 1115 1342 1159 ervire
1360 1109 1545 1157 Christo
1562 1112 1719 1159 debet.
1736 1112 1848 1160 Hoc
1860 1128 2018 1163 autem

353 1179 556 1243 praestate
573 1191 701 1240 reges
718 1179 766 1222 δε
782 1174 941 1240 populi
954 1190 1045 1221 non
1062 1173 1238 1236 possunt
1258 1214 1269 1231 ,
1300 1174 1517 1239 grassante
1536 1177 1671 1223 armis
1688 1173 1817 1222 hoste
1850 1177 2016 1240 impio,

354 1245 382 1271 *
400 1243 477 1290 nisi
496 1243 569 1290 alii
582 1241 678 1286 aliis
695 1240 869 1286 auxilio
884 1238 967 1285 sint
989 1252 1002 1284 ε
1023 1236 1150 1299 quod
1165 1236 1416 1284 commode
1427 1237 1523 1282 fieri
1539 1237 1792 1301 nequit‚nis1
1809 1232 1942 1286 fedus
1957 1255 2019 1286 eo

357 1307 542 1356 nomine
557 1306 730 1351 ineatur
746 1317 757 1349 :
777 1302 904 1365 quod
921 1299 1055 1346 fedus
1069 1301 1164 1360 jam
1179 1299 1293 1347 olim
1305 1301 1466 1347 initum
1481 1300 1565 1348 fuit
1585 1340 1596 1357 ‚
1630 1304 1685 1349 δε
1701 1303 1904 1366 princeps
1919 1304 2020 1362 ejus

356 1384 536 1417 creatus
551 1364 762 1415 consensu
775 1364 1015 1413 communi
1027 1362 1262 1410 Romanus
1273 1363 1541 1425 Imperator.
1552 1364 1741 1412 Debent
1753 1380 1801 1411 er
1835 1363 2022 1413 oChti-

356 1432 482 1481 stiani
513 1444 675 1478 omnes
702 1428 760 1475 ad
789 1426 965 1475 causam
997 1425 1111 1472 hanc
1126 1440 1416 1473 communem
1433 1442 1517 1490 pro
1532 1429 1697 1475 virium
1715 1444 1794 1475 mo
1831 1443 1864 1474 0
1894 1430 2020 1475 viros

360 1511 438 1544 aut
455 1495 661 1554 pecunias
679 1490 916 1538 conferre:
932 1489 1060 1552 quod
1077 1490 1318 1550 quominus
1330 1487 1494 1536 faciant
1513 1507 1604 1538 non
1619 1491 1758 1539 video
1776 1490 2019 1553 quomodo

358 1557 527 1624 poffint
543 1554 741 1603 excusari
756 1592 768 1610 ,
799 1553 878 1601 nisi
894 1552 925 1600 si
938 1553 1012 1617 qui
1026 1551 1152 1599 bello
1167 1550 1412 1600 inevitabili
1430 1591 1443 1611 ,
1471 1569 1552 1602 aut
1568 1570 1659 1601 non
1675 1553 1873 1602 djffimili
1891 1554 2017 1602 malo

360 1624 493 1669 domi
511 1619 791 1667 distinentur.

426 1684 511 1731 XI
531 1684 548 1729 I
566 1683 600 1729 1.
638 1681 766 1728 Solet
784 1679 892 1742 saepe
910 1680 959 1726 δε
988 1680 1063 1727 illa
1079 1680 1281 1728 incidere
1298 1679 1474 1744 quaeslio
1489 1719 1501 1738 ‚
1532 1678 1563 1727 fi
1581 1678 1729 1742 plures
1746 1675 1915 1728 bellum
1937 1696 2020 1742 <ge-

359 1762 459 1795 rant
480 1786 491 1804 ,
526 1747 614 1793 utri
634 1745 783 1808 potius
801 1759 938 1806 opem
953 1742 1071 1790 ferte
1085 1742 1250 1790 debeat
1266 1745 1342 1805 qui
1359 1747 1538 1807 utrique
1563 1743 1624 1790 est
1641 1742 1889 1791 federatus.
1922 1733 2018 1792 Hie

358 1814 554 1873 primum
573 1807 799 1855 sciendum
817 1806 1026 1868 est‚quod
1046 1808 1094 1853 &
1111 1806 1243 1869 supra
1256 1808 1532 1863 diximus‚ad
1549 1805 1703 1866 injusta
1719 1806 1834 1854 bella
1848 1809 2019 1855 nullam

362 1875 449 1922 effe
466 1873 811 1934 obligationem.
844 1871 997 1933 Qre
1011 1871 1036 1897 *
1050 1871 1127 1932 qui
1144 1868 1461 1916 federatorum
1478 1870 1636 1930 justam
1650 1869 1786 1917 habet
1798 1869 1903 1927 belli
1917 1887 2021 1918 cau-

363 1938 455 1986 sam
475 1933 793 1996 praeferendus,
812 1932 840 1978 si
855 1949 959 1979 cum
972 1948 1189 1980 extraneo
1203 1949 1271 1979 res
1290 1932 1358 1979 lit.
1390 1933 1544 1979 Etiam
1563 1933 1592 1979 si
1609 1949 1713 1979 cum
1730 1934 1819 1980 alio
1838 1930 2019 1980 federa-

366 2017 419 2048 to
439 2040 446 2046 .
478 1998 551 2046 Sic
567 2000 775 2045 oratione
794 1996 852 2041 de
870 1995 1159 2060 Megalopoli
1177 1995 1368 2042 ostendit
1389 1995 1720 2043 Demosthenes
1739 2035 1750 2053 ,
1787 1996 2019 2044 Messeniis

364 2064 494 2110 sociis
512 2077 670 2108 contra
698 2058 1069 2106 Lacedaemonios
1094 2060 1204 2104 item
1221 2058 1368 2104 socios
1386 2075 1523 2121 opem
1537 2057 1646 2104 ferri
1663 2056 1720 2105 ab
1737 2058 2019 2106 Atheniensi-

133 2127 235 2172 Polyb.
251 2127 273 2162 ²·
290 2135 347 2163 ‘¹-
362 2127 445 2174 bus
462 2126 647 2179 debere,
663 2123 691 2169 si
712 2121 768 2169 ab
783 2123 850 2168 his
865 2122 1048 2184 incipiat
1062 2122 1241 2179 injuria.
1257 2120 1347 2167 Sed
1366 2121 1414 2167 id
1431 2123 1492 2168 ita
1505 2137 1679 2177 vetum,
1696 2122 1772 2169 nisi
1788 2137 2019 2170 convene-

363 2193 421 2238 rit
437 2191 524 2235 hoc
545 2200 728 2250 quoque
744 2199 798 2230 ne
817 2184 1028 2231 adversus
1052 2200 1155 2231 eum
1173 2184 1340 2231 auxilia
1357 2185 1539 2231 mittere
1556 2184 1703 2231 liceat.
1739 2186 1788 2232 In
1805 2185 2018 2249 paelione

360 2251 628 2301 Hannibalis
646 2264 751 2295 cum
768 2244 1106 2294 Macedonibus
1123 2258 1220 2294 erat
1236 2262 1248 2294 ξ
1265 2249 1433 2305 Hostium
1448 2251 1560 2305 hostes
1575 2253 1739 2298 orimus,
1759 2255 1912 2310 exceptis
1925 2254 2019 2308 regi-

362 2319 442 2363 bus,
463 2316 692 2359 civitatibm
707 2349 718 2365 ‚
740 2314 790 2365 εἴ
799 2315 983 2370 portubus
995 2314 1213 2373 quibuscum
1229 2313 1339 2369 fedus
1359 2313 1462 2355 nobis
1477 2314 1708 2366 &amicitia
1723 2314 1782 2369 est.
1824 2310 1968 2373 Qod
1985 2309 2015 2356 fi

358 2375 552 2426 federati
569 2377 686 2422 inter
704 2374 746 2419 se
762 2375 1108 2419 committantur
1118 2372 1256 2419 causis
1271 2372 1671 2433 utrinqueinjustis‚
1693 2373 1817 2435 quod
1839 2372 2018 2420 accide-

359 2457 410 2488 re
423 2439 582 2497 potest,
603 2452 792 2499 utraque
817 2450 944 2491 parte
960 2434 1265 2482 abstinendum
1284 2436 1382 2480 erit.
1403 2434 1476 2481 Sic
1490 2436 1534 2480 in
1554 2434 1785 2482 Leustrica
1812 2435 2018 2485 Aristidis

360 2504 512 2564 quinta
529 2501 693 2546 dicitur
713 2538 724 2554 ‚
759 2492 865 2549 3²AEst
878 2496 935 2538 ἐπ’
947 2496 1064 2543 αἴᾶκες
1078 2497 1213 2548 {wizai
1230 2530 1239 2549 ,
1260 2495 1391 2551 ῥαδίως
1405 2497 1465 2538 οἷν·
1482 2497 1540 2539 ἔπ’
1556 2497 1720 2545 damin&
1738 2499 1759 2552 '3'
1790 2501 1983 2551 χᾳλένπιν
2000 2530 2014 2549 ,

363 2567 432 2608 cim
450 2564 576 2615 ’θέλειν
593 2563 765 2614 παρεῖναι
785 2559 986 2620 :fiquidem
1000 2565 1042 2606 in
1054 2564 1150 2605 alios
1165 2564 1358 2606 auxilium
1365 2563 1551 2619 poscerent
1563 2595 1574 2610 ,
1584 2565 1703 2629 facile
1724 2565 1786 2622 ‘'ffi'
1801 2568 1990 2622 negotium
2004 2579 2018 2602 .-

354 2625 416 2681 fin
445 2626 626 2676 sociorum
643 2623 741 2663 alter
757 2626 798 2665 in
813 2625 979 2666 alterum
998 2659 1010 2676 ,
1044 2627 1139 2668 nolle
1146 2626 1190 2681 se
1205 2626 1367 2682 misceri.
1407 2620 1550 2681 Qod
1569 2626 1598 2668 11
1617 2621 1811 2670 federati
1836 2625 1879 2669 in
1902 2623 2016 2668 alios

360 2683 525 2729 bellent
539 2680 649 2742 justa
661 2681 842 2742 quisque
860 2683 918 2728 de
932 2684 1073 2740 causa,
1093 2683 1123 2736 fi
1142 2685 1318 2746 utrique
1333 2684 1497 2730 auxilia
1511 2685 1629 2730 mitti
1640 2684 1830 2747 possunt,
1849 2700 1955 2746 puta
1968 2686 2013 2730 in

361 2747 504 2792 milite
520 2759 594 2791 aut
614 2746 812 2805 pecunia,
831 2746 1052 2792 mittenda
1062 2762 1207 2801 erunt,
1221 2762 1272 2792 ut
1283 2746 1330 2792 sit
1348 2748 1467 2793 circa
1481 2745 1733 2793 creditores
1747 2748 2014 2808 personales.

363 2810 422 2855 At
439 2809 465 2854 si
486 2808 613 2871 ipsius
631 2808 703 2867 qni
717 2808 917 2868 promisit
936 2809 1161 2870 praesentia
1181 2810 1427 2870 requiritur
1443 2824 1538 2870 quae
1554 2808 1786 2857 individua
1811 2811 1872 2857 est
1893 2850 1902 2866 ‚
1939 2826 2013 2856 ra·

359 2874 429 2918 tio
448 2870 640 2934 postulat
658 2870 681 2894 *
702 2885 748 2915 ut
760 2870 1017 2931 praeferatur
1031 2889 1136 2919 cum
1151 2888 1243 2933 quo
1260 2872 1481 2932 antiquius
1501 2871 1561 2916 est
1578 2870 1722 2923 fedus,
1739 2873 1864 2934 quod
1878 2874 2015 2920 Acar-

133 2938 203 2975 Lab·
223 2948 278 2976 ix.
357 2950 492 2980 nanes
510 2932 739 2995 Spartanis
768 2933 923 2981 dicunt
940 2935 1061 2995 apud
1090 2934 1361 2994 Polybium:
1390 2932 1650 2994 eodemque
1673 2941 1868 2998 pertinet
1883 2934 2016 2982 Con-

359 2995 459 3044 sulis
478 2995 674 3042 Romani
700 2995 955 3059 responsum
970 2996 1218 3059 Campanis
1235 2996 1395 3041 datum
1417 3012 1428 3042 :
1447 3003 1638 3042 amicitias
1654 3004 1713 3044 im
1727 3003 1872 3057 institui
1881 3015 1956 3060 par
1967 3001 2017 3056 est

132 3087 254 3131 Sybm'}
286 3101 318 3122 m
361 3063 389 3092 *
416 3079 459 3105 ne
483 3078 561 3120 qua
578 3061 761 3114 vetustior
778 3066 954 3104 amicitia
982 3079 1025 3104 ac
1050 3065 1209 3118 societas
1227 3062 1409 3103 violetur.
1445 3057 1537 3104 Sed
1556 3058 1765 3117 addenda
1782 3062 2012 3123 exceptio,

132 3111 341 3168 wase'um
357 3121 430 3167 nisi
449 3121 581 3166 fedus
595 3120 810 3182 posterius
826 3121 943 3166 ultra
961 3120 1306 3178 promissionem
1321 3119 1489 3182 aliquid
1513 3120 1648 3166 habet
1661 3159 1672 3175 ‚
1706 3125 1730 3152 *
1752 3123 1878 3183 quod
1895 3122 2015 3185 quasi

131 3188 164 3223 Ρ·
183 3190 214 3221 ¹,
230 3195 261 3215 n·
280 3191 315 3225 7·
357 3183 548 3229 dominii
576 3181 907 3227 translationem
934 3183 976 3227 in
1007 3183 1051 3227 se
1080 3183 1308 3228 contineat
1328 3219 1339 3236 ,
1374 3197 1481 3243 puta
1520 3182 1800 3242 subjeffionis
1831 3185 2016 3246 aliquid.

356 3246 379 3271 ²⁸¹
397 3245 523 3292 Nam
543 3246 590 3289 &
610 3244 664 3289 sic
682 3246 726 3289 in
746 3244 1010 3289 venditione
1023 3244 1214 3289 dicimus
1234 3244 1432 3302 priorem
1453 3244 1647 3307 praeferri
1667 3284 1676 3300 ‚
1698 3247 1771 3292 nisi
1790 3248 2016 3309 posterior

132 3314 201 3348 m.
216 3323 275 3350 vx.
357 3306 612 3353 dominium
631 3305 915 3355 transtulerit.
949 3304 1023 3353 Sic
1042 3305 1279 3368 Nepesinis
1293 3306 1411 3368 apud
1422 3307 1604 3358 Livium
1621 3307 1864 3357 deditionis
1879 3324 2014 3371 quam

1871 3371 2014 3419 socie-
