2380 3917
618 362 851 427 dicere:
894 360 1076 424 Hunc
1115 381 1234 448 ego
1269 361 1303 422 εἰ
1337 375 1396 422 te
1424 357 1692 447 gladium
1713 379 1824 446 pro
1843 354 2073 423 Iustitiae

619 452 810 516 tutela
852 453 1093 538 accepi,
1137 449 1304 513 hunc
1343 448 1452 512 tibi
1489 448 1694 512 nullius
1718 469 1950 512 temere
1967 445 2076 513 fufi

620 542 913 630 sanguinis
935 564 1103 605 reum
1125 588 1141 616 ‚
1182 563 1399 630 purum
1420 537 1838 626 insontemque
1860 538 2072 603 reddo,

624 637 713 697 Ita
732 631 861 711 fiet,
887 651 951 697 ut
973 655 1115 723 quas
1138 654 1245 695 nos
1265 655 1422 695 nunc
1443 628 1674 720 regulas
1696 644 1768 692 ex
1787 628 1949 694 libris
1971 652 2078 718 pe-

623 728 803 788 timus
825 773 840 801 ‚
882 728 940 787 in
969 719 1273 812 posterum
1294 745 1366 785 ex
1387 725 1497 784 tuis
1523 719 1859 786 actionibus
1882 768 1898 795 ,
1944 739 2078 784 tan-

623 837 806 903 quam
841 838 912 878 ex
951 811 1261 902 perfeciiffi
1272 835 1374 875 mo
1411 811 1736 900 exemplari
1775 829 2074 898 petantur.

621 907 823 993 Qod
853 903 1041 993 ipsum
1062 927 1200 967 cum
1222 901 1288 966 fit
1309 906 1635 967 maximum
1659 949 1675 977 ,
1720 901 1848 990 plus
1868 920 2079 967 tamen

619 996 844 1084 aliquid
881 1000 913 1059 a
952 1016 1010 1059 te
1054 997 1294 1083 exigere
1329 994 1553 1058 audent
1593 992 2079 1059 Christianorum

618 1087 825 1174 populi
850 1106 949 1150 :ut
971 1085 1184 1150 scilicet
1206 1082 1498 1148 exstinctis
1519 1083 1748 1173 ubique
1767 1088 1942 1148 armis
1964 1107 2081 1174 pax

618 1175 716 1241 sua
735 1180 1132 1267 nonimperiis
1151 1173 1513 1249 tantum‚sed
1538 1181 1594 1238 &
1615 1173 1874 1239 Ecclefiis
1899 1195 1956 1238 te
1977 1198 2082 1241 au-

621 1273 790 1332 &ore
812 1268 1040 1341 redeat,
1064 1265 1363 1354 discatque
1388 1263 1582 1327 nostra
1602 1283 1739 1329 aetas
1763 1265 2081 1330 arbitrium

619 1355 809 1422 subire
830 1364 956 1445 ejus
979 1361 1163 1422 aetatis
1186 1403 1200 1429 ,
1223 1379 1409 1446 quam
1433 1378 1574 1419 vera
1598 1353 1944 1447 sinceraque
1964 1354 2082 1421 fide

623 1448 1028 1515 Christianam
1050 1444 1213 1511 fuisse
1252 1445 1575 1511 Christiani
1605 1469 1816 1509 omnes
1835 1444 2084 1537 profite-

620 1561 774 1601 mur.
823 1536 1103 1602 Pertaesos
1137 1534 1559 1601 discordiarum
1593 1541 1824 1601 animos
1861 1542 2083 1604 excitat

621 1631 681 1691 in
706 1627 862 1692 hanc
900 1628 1061 1717 spem
1084 1650 1289 1692 recens
1310 1633 1621 1692 contracta
1658 1632 1813 1693 inter
1833 1649 1893 1692 te
1919 1637 1976 1693 &
1998 1627 2083 1693 sa-

621 1719 870 1806 pientiffi
882 1742 1047 1782 mum
1071 1717 1344 1808 pacisque
1363 1718 1506 1782 illius
1530 1716 1742 1783 sanctae
1763 1718 2084 1784 amantiss-

621 1832 793 1873 mum
815 1815 1056 1896 Magnae
1077 1813 1396 1874 Britanniae
1428 1814 1662 1897 Regem
1682 1814 1942 1875 amicitia
1964 1858 1980 1885 ‚
2021 1820 2082 1875 δε

623 1899 1069 1988 auspicatiffimo
1106 1903 1337 1965 Sororis
1358 1918 1472 1964 tuae
1503 1904 1896 1964 matrimonio
1917 1899 2085 1964 fede-

623 2010 774 2055 rata.
818 1990 1076 2055 Difficile
1099 1994 1412 2079 negotium
1435 2039 1451 2066 ,
1472 2011 1719 2080 propter
1742 1991 1927 2056 studia
1946 2015 2078 2081 par-

624 2084 772 2144 tium
798 2129 813 2156 ‚
852 2080 1223 2168 gliscentibus
1242 2086 1301 2144 in
1341 2081 1462 2144 dies
1483 2081 1632 2144 odiis
1668 2082 2074 2148 inflammata:

627 2166 723 2234 sed
747 2177 923 2235 tantis
945 2172 1180 2262 regibus
1204 2171 1346 2235 nihil
1369 2172 1641 2260 dignum,
1661 2172 1761 2236 nisi
1784 2173 1946 2263 quod
1970 2170 2082 2238 dif-

632 2259 781 2324 ficile
803 2311 818 2339 ,
836 2260 940 2325 nisi
966 2263 1131 2353 quod
1154 2262 1229 2326 ab
1249 2262 1366 2326 aliis
1386 2262 1669 2328 omnibus
1687 2263 2078 2352 desperatum.

638 2356 801 2418 Deus
822 2358 995 2441 pacis,
1026 2353 1457 2438 Deusjustitiae‚
1478 2357 1609 2416 Rex
1629 2354 1801 2440 juste,
1828 2361 1958 2419 Rex
1977 2379 2083 2445 pa-

637 2441 806 2506 cifice
830 2491 846 2517 ,
868 2468 1006 2508 cum
1028 2444 1147 2506 aliis
1167 2443 1337 2506 bonis
1354 2443 1632 2508 omnibus
1657 2494 1672 2521 ‚
1709 2466 1837 2509 tum
1859 2445 1973 2511 hac
1994 2466 2081 2510 et-

636 2537 754 2595 iam
775 2534 947 2599 laude
980 2534 1244 2599 cumulet
1264 2553 1429 2597 tuam
1453 2533 1558 2598 suae
1581 2541 1922 2625 proximam
1951 2540 2082 2610 Ma-

632 2623 927 2708 jestatem.
1011 2629 1137 2690 clo
1182 2631 1255 2691 12>
1300 2651 1333 2689 c
1375 2645 1546 2694 xxv.

1989 3028 2086 3073 IN
