2380 3917
164 813 238 846 Ltv.
251 806 309 848 lzb.
317 823 337 846 v
346 821 358 848 1

161 1174 233 1213 Lib.
248 1183 289 1212 vx
299 1185 329 1213 ι.

389 311 465 353 404
781 297 1677 337 DEIVREBELLI

392 363 453 411 ad
482 377 606 408 arma
636 363 850 408 veniatur.
888 360 1151 408 Plutarchus
1183 361 1228 404 in
1256 358 1423 406 Numae
1440 361 1534 407 vita
1559 361 1623 406 ait
1643 396 1656 414 ,
1691 358 1924 422 postquam
1953 356 2064 420 juste

392 425 515 490 posse
535 424 688 485 suscipi
703 424 873 472 bellum
889 421 1181 470 decreviss'ent
1198 420 1382 468 feciales
1399 461 1409 479 ,
1426 427 1449 452 *
1470 422 1775 469 consultatum
1793 426 1819 469 a
1836 422 1986 469 senatu
2002 438 2060 468 an

392 506 449 535 ex
469 487 546 534 usu
563 486 669 534 effer
690 486 915 550 suscipere.
953 487 1005 533 ln·
1025 484 1190 531 fabella
1206 486 1407 547 quadam
1426 484 1595 532 Christi
1611 484 1792 541 dicitur,
1813 485 1842 532 si
1861 487 1961 547 quis
1977 499 2060 530 rex

393 567 499 599 cum
518 565 625 614 rege
643 552 787 597 altero
804 551 926 597 bello
944 547 1212 595 cert-andum
1232 549 1410 604 habeat,
1433 550 1584 608 primo
1600 546 1848 604 sedentem,
1864 552 1941 610 qui
1957 562 2062 593 mos

392 614 454 660 est
469 630 572 660 cum
589 630 697 660 cura
712 613 1075 668 consultantium,
1094 611 1393 672 expensurum
1409 611 1529 674 apud
1546 610 1589 657 se
1604 648 1615 667 ,
1631 627 1686 657 an
1703 610 1794 681 ipse
1808 612 1884 673 qui
1896 610 2061 657 decem

392 676 536 723 millia
551 677 744 723 militum
761 674 1062 730 habeat,hosti
1080 674 1260 721 ducenti
1276 675 1343 720 bis
1358 675 1556 720 toridem
1575 689 1654 736 par
1669 677 1755 721 efle
1771 673 1920 736 poffit.
1932 670 2061 736 quod

396 740 425 787 st
445 739 599 787 videat
611 739 654 786 se
670 740 889 803 imparem
906 738 1010 785 fore
1027 776 1038 793 ,
1062 752 1307 800 antequam
1319 736 1395 784 ille
1413 739 1531 784 intra
1544 737 1655 782 fines
1668 737 1782 783 adsit
1802 774 1813 793 ,
1829 736 2062 783 missurum

373 803 668 866 ‚legationem
684 819 787 850 cum
808 802 1030 849 mandatis
1047 816 1170 862 pacis
1193 799 1336 848 causa.
1374 805 1399 831 *
1435 799 1511 847 Sic
1532 798 1776 846 Tusculani
1807 800 1965 846 onmia
1964 814 2064 909 pa-

2013 878 2063 908 a-

394 856 552 913 tiendo
570 866 618 911 Sc
636 870 659 895 *
680 865 787 913 nihil
805 863 1052 913 recusando
1071 879 1229 928 pacem
1248 869 1275 911 a
1291 863 1515 911 Romanis
1527 861 1947 925 meruerunt-Apud

395 931 536 976 citum
555 927 616 975 est
636 946 646 977 z
680 932 830 988 Frustra
857 931 1045 989 adversm
1059 931 1210 973 AEduos
1233 930 1382 990 quaefita
1400 931 1484 973 belli
1502 931 1631 986 causa.
1663 926 1754 984 Iuffi
1770 931 1967 984 pecuniam
1994 941 2064 970 at-

395 1013 465 1055 que
497 1011 613 1039 arma
639 996 785 1057 deferre
800 1031 812 1049 ‚
846 997 1036 1055 gratuitos
1067 994 1218 1052 insuper
1248 1007 1478 1037 commeatus
1501 993 1703 1051 prebuere.
1737 985 1816 1033 Sic
1841 991 1865 1017 *
1898 987 2063 1051 legatis

396 1054 615 1104 Iustiniani
633 1054 954 1103 Amalasuntha
985 1053 1138 1117 regina
1156 1053 1345 1117 negavit
1357 1053 1494 1099 armis
1524 1050 1565 1099 se
1582 1065 1870 1099 certatur-am.
1911 1048 2063 1096 Potest

392 1119 866 1180 &temperamentum
893 1114 1098 1165 adhiberi
1117 1131 1168 1163 ut
1198 1120 1224 1163 a
1241 1115 1410 1177 Syrmo
1425 1113 1739 1162 Triballorum
1757 1129 1865 1177 rege
1893 1111 2066 1159 fastum

394 1180 564 1228 Strabo
582 1197 812 1229 memorat
828 1222 839 1239 ,
867 1182 944 1245 qui
962 1179 1271 1229 Alexandrum
1289 1177 1600 1226 Macedonem
1619 1181 1666 1224 &
1681 1177 1865 1224 insulam
1884 1176 2065 1223 Peucen

395 1246 564 1292 intrare
582 1246 746 1295 vetuit,
763 1247 810 1291 δε
825 1243 953 1292 fimul
970 1244 1103 1291 donis
1119 1257 1227 1289 eum
1245 1243 1495 1289 honoravit
1514 1278 1526 1298 ,
1543 1256 1593 1288 ut
1606 1240 1861 1288 ostenderet
1874 1238 1920 1286 se
1937 1237 2067 1302 quod

395 1307 566 1354 faceret
584 1307 701 1369 justo
720 1323 845 1355 metu
865 1347 876 1364 ,
909 1323 1001 1354 non
1031 1306 1147 1352 odio
1163 1319 1244 1352 aut
1262 1318 1532 1367 contemptu
1562 1305 1695 1369 ipfius
1711 1303 1880 1350 facere.
1919 1299 2066 1366 Qod

393 1369 632 1433 Euripides
650 1371 710 1419 de
726 1372 894 1419 Graecis
924 1369 1044 1417 dixit
1074 1368 1336 1416 civitatibus
1352 1407 1365 1426 ‚
1396 1367 1522 1415 idem
1539 1371 1599 1417 ad
1617 1368 1729 1416 alios
1747 1364 1931 1431 quosvis
1944 1363 2067 1414 reete

395 1447 523 1493 aptes
541 1448 555 1483 z

674 1506 737 1542 De
755 1504 891 1544 Marte
905 1502 1051 1560 quoties
1068 1500 1152 1542 itur
1168 1502 1210 1542 in
1214 1498 1415 1558 suffragia,

674 1567 796 1603 Nemo
809 1565 1009 1606 imminere
1026 1566 1167 1618 cogitat
1177 1576 1341 1606 mortem
1346 1560 1423 1620 fibi
1436 1595 1451 1615 ‚

678 1623 749 1666 Sed
768 1625 920 1684 qutsqtte
936 1624 1085 1667 cladem
1102 1624 1336 1679 destinamus
1350 1625 1463 1667 alteri
1480 1645 1493 1669 .-

676 1685 837 1747 Qodfi
847 1691 889 1731 in
906 1687 1216 1746 comitiiofunera
1233 1701 1326 1730 ante
1341 1688 1458 1732 oculos
1468 1691 1617 1748 forent,

679 1752 844 1792 Furiam
861 1750 951 1792 bello
966 1765 1040 1793 non
1051 1750 1193 1808 perifflat
1215 1754 1372 1793 Gracia.

398 1810 539 1877 Apud
558 1809 741 1857 Livium
759 1806 821 1854 est
841 1824 852 1855 :
889 1818 990 1854 Cum
1003 1826 1092 1854 tuas
1109 1816 1213 1854 vires
1232 1845 1244 1863 ‚
1279 1824 1366 1855 tum
1382 1817 1468 1856 vim
1470 1816 1636 1874 fhrtunae
1654 1850 1667 1868 ,
1701 1820 1946 1871 Martemque
1965 1828 2068 1857 com·-

401 1894 558 1921 munem
582 1889 741 1934 propone
757 1877 902 1917 animo.
939 1871 998 1917 Et
1011 1870 1129 1932 apud
1144 1868 1471 1932 Thucydidem
1492 1889 1502 1921 ;
1543 1870 1581 1920 ἔῗ
1599 1874 1751 1929 maipa
1777 1875 1818 1914 νηὶ
1842 1865 2070 1937 Q'aopv

402 1938 482 1978 ‘Aa-ov
498 1936 553 1980 ἐςὶ
566 1936 645 1985 oreb
661 1934 702 1974 (ἐν
717 1930 826 1987 αὐτῷ
837 1929 965 1994 2205033
979 1932 1247 1997 ωδὶοίγνωθι.
1284 1940 1485 2000 Qicquid
1504 1944 1704 2000 inopinum
1719 1941 1883 1984 accidere
1891 1946 2012 1999 potest
2026 1945 2070 1983 in

403 2004 495 2047 bello
533 2005 730 2060 riusquam
743 2003 965 2057 aggrediare
982 1999 1183 2056 considera.

467 2019 529 2107 Vp
566 2061 657 2123 Q
676 2057 928 2106 dehberant
946 2093 957 2108 ‚
987 2060 1148 2120 partim
1162 2057 1221 2104 de
1237 2058 1401 2107 finibus
1418 2075 1510 2107 non
1524 2060 1709 2123 quidem
1722 2061 1894 2109 ultimis
1914 2061 1988 2110 sed
2000 2064 2070 2108 in-

401 2124 603 2185 terjeetis
618 2120 870 2169 deliberant
892 2158 902 2172 ,
932 2122 1097 2183 partim
1114 2120 1173 2166 de
1192 2122 1248 2168 iis
1278 2138 1374 2182 quae
1391 2138 1450 2170 eo
1467 2123 1649 2171 ducunt.
1687 2124 1805 2172 Finis
1821 2125 1995 2188 semper
2007 2123 2071 2171 est

401 2188 580 2235 bonum
599 2183 785 2247 aliquod
806 2221 816 2235 ,
846 2198 923 2230 aut
939 2198 1061 2230 certe
1076 2185 1183 2229 mali
1195 2183 1441 2233 declinatio
1457 2203 1552 2248 quae
1569 2189 1715 2234 vicem
1729 2187 1842 2234 boni
1859 2187 2071 2236 obtinere

399 2249 555 2314 poffit.
594 2251 705 2311 Qa:
724 2263 839 2294 vero
852 2247 940 2293 huc
957 2263 1032 2293 aut
1048 2247 1154 2293 illuc
1167 2247 1337 2294 ducunt
1359 2286 1370 2304 ‚
1403 2265 1484 2311 per
1496 2248 1538 2296 se
1551 2266 1640 2296 non
1653 2265 1929 2313 expetuntur
1947 2289 1958 2308 ,
1991 2248 2071 2297 sed

398 2328 618 2374 quatenus
635 2312 804 2357 ducunt
822 2327 834 2359 ε
866 2325 1005 2371 quare
1033 2311 1079 2356 in
1107 2308 1510 2359 deliberationibus
1533 2313 1830 2375 comparandi
1859 2314 1956 2360 sunt
1973 2350 1985 2369 ,
2019 2313 2072 2358 &

398 2377 635 2422 fiuesinter
654 2372 696 2420 se
716 2411 727 2429 ‚
761 2374 810 2420 &
837 2388 1000 2419 eorum
1031 2389 1126 2435 quae
1144 2373 1202 2421 ad
1218 2373 1354 2421 finem
1373 2375 1545 2423 ducunt
1578 2374 1772 2423 facultas
1789 2376 1994 2424 effestiva
2010 2374 2072 2422 ad

397 2439 532 2485 finem
553 2435 897 2501 producendum
919 2452 930 2484 ε
958 2452 1061 2483 nam
1079 2450 1127 2481 ut
1155 2437 1276 2483 reete
1289 2435 1409 2484 dixit
1425 2437 1689 2485 Aristoteles
1717 2437 1777 2485 de
1803 2439 2071 2486 animalium

397 2504 624 2556 modone,
642 2499 687 2541 αι’
700 2496 887 2548 wilia-m
901 2496 946 2540 αλ
962 2497 1144 2553 rmn'lmcq'
1157 2501 1238 2557 2132
1251 2493 1316 2542 offla
1330 2490 1437 2542 ἐιᾶὶξῗν
1448 2501 1612 2554 γίνονται
1632 2535 1644 2554 ,
1659 2494 1743 2558 ‚2131
1756 2520 1796 2544 π
1815 2498 1993 2558 §sapei
2004 2499 2073 2554 1(ᾳᾶ

398 2557 480 2620 2192
498 2559 534 2610 {²⁴
551 2562 697 2605 dmm&
713 2581 724 2605 ε
749 2565 1013 2624 propositiones
1028 2583 1103 2626 quae
1119 2571 1310 2611 afft'ionem
1328 2567 1495 2624 efficiunt
1510 2568 1678 2612 duorum
1687 2571 1786 2625 sunt
1794 2585 1974 2628 generum
1990 2602 2000 2619 ‚
2019 2568 2072 2610 ab

398 2647 436 2673 eo
448 2630 549 2690 quod
565 2630 705 2673 bonum
719 2629 782 2684 est,
799 2628 850 2681 (T
862 2630 916 2671 ab
932 2645 970 2672 eo
983 2628 1087 2688 quod
1093 2628 1182 2684 fieri
1190 2630 1305 2688 potest
1317 2650 1330 2673 .·
1362 2643 1458 2689 quae
1492 2629 1783 2690 comparatio
1811 2642 1902 2675 tres
1933 2625 2074 2673 habet

397 2704 598 2736 normas.
634 2686 786 2735 Prima
801 2687 862 2734 est
880 2708 895 2745 3
910 2686 940 2734 fi
960 2703 1033 2735 res
1049 2686 1108 2732 de
1125 2703 1213 2749 qua
1229 2690 1378 2752 agitur
1393 2689 1623 2751 aequalem,
1642 2689 1810 2737 morali
1831 2689 1998 2737 scilicet
2015 2705 2075 2736 ae-

397 2751 669 2808 ssimatione,
687 2749 935 2798 efficaciam
951 2748 1117 2797 habere
1133 2750 1344 2799 videatur
1358 2751 1418 2798 ad
1431 2751 1606 2799 bonum
1636 2754 1686 2798 δε
1704 2751 1763 2799 ad
1780 2755 1951 2800 malum
1966 2789 1980 2809 ‚
2006 2752 2073 2799 ita

398 2814 587 2860 demum
605 2813 662 2860 eli
698 2812 816 2859 enda
835 2812 896 2858 est
912 2811 941 2859 fi
960 2812 1133 2859 bonum
1151 2813 1383 2876 aliquanto
1400 2816 1501 2877 plus
1516 2814 1681 2862 habeat
1698 2814 1809 2862 boni
1826 2829 1962 2876 quam
1974 2830 2075 2860 ma-

398 2876 495 2922 lum
509 2876 627 2923 mali.
715 2891 773 2922 oc
782 2875 845 2921 est
859 2874 989 2936 quod
1007 2875 1220 2923 Aristides
1236 2877 1294 2924 sic
1308 2871 1537 2926 enuntiat:
1569 2877 1626 2919 ’ἆτ’
1645 2875 1796 2920 ἔλαθον
1823 2878 1882 2918 τέ’
1908 2876 2074 2935 ὢχεςές

398 2937 572 2992 πέγκῢὸν,
589 2935 742 2997 κςεῖθον
760 2937 1011 2991 maffeus.
1043 2937 1329 2988 Andronicus
1372 2939 1584 2987 Rhodius
1620 2939 1698 2987 ubi
1728 2942 2068 3004 magnanimum

398 2999 623 3056 describit,
641 3003 703 3047 ait
715 3016 820 3047 eum
838 3016 928 3046 non
946 3000 1010 3046 ob
1031 3000 1203 3063 quasvis
1228 3002 1376 3049 causas
1395 3002 1591 3063 pericula
1607 3001 1854 3050 subiturum
1873 3041 1884 3059 ,
1915 3002 1991 3050 sed
2005 3001 2071 3048 ob

400 3064 634 3109 maximas.
648 3063 834 3120 Altem3
853 3062 880 3107 fi
900 3062 1108 3109 videatur
1124 3064 1207 3110 esse
1218 3068 1382 3128 aequale
1400 3065 1573 3112 bonum
1607 3067 1656 3111 δέ
1681 3065 1849 3112 malum
1870 3101 1879 3115 ‚
1900 3063 2027 3127 quod
2046 3067 2076 3112 ὲ.

400 3141 450 3172 re
467 3126 526 3171 de
541 3141 628 3186 qua
645 3126 856 3187 quaeritur
869 3125 1007 3186 possit
1021 3126 1285 3189 procedere,
1306 3129 1367 3173 ita
1385 3128 1570 3174 demum
1584 3143 1636 3173 ea
1656 3143 1728 3174 res
1737 3127 1946 3192 eligenda
1962 3125 2023 3172 est
2042 3125 2073 3172 fi

399 3187 597 3234 efficacia
612 3189 672 3234 ad
688 3188 860 3234 bonum
879 3204 1015 3248 quam
1035 3188 1092 3234 ad
1110 3190 1278 3235 malum
1298 3193 1450 3249 major
1466 3191 1533 3237 sit.
1546 3190 1708 3237 Tertia
1727 3228 1737 3246 ‚
1753 3189 1782 3235 si
1802 3189 2073 3236 videatur&

400 3250 573 3296 bonum
593 3250 819 3295 &malum
834 3250 918 3294 effe
934 3251 1158 3312 inaequale,
1179 3268 1262 3297 nec
1275 3254 1419 3300 minus
1437 3254 1659 3315 inaequalis
1684 3268 1838 3298 rerunt
1856 3252 2074 3307 efficacia,

404 3327 472 3360 res
489 3328 540 3359 ea
555 3314 616 3360 ita
634 3312 818 3359 demum
834 3313 1042 3375 eligenda
1055 3312 1135 3370 est,
1151 3318 1174 3344 *
1197 3315 1226 3362 si
1242 3314 1440 3364 efficacia
1468 3316 1525 3364 ad
1540 3316 1715 3364 bonum
1730 3316 1882 3376 major
1908 3315 1960 3362 sit
1975 3313 2074 3359 col-

1984 3375 2074 3424 lata
