2380 3917
76 837 115 869 Sc
123 838 213 880 ripto'
224 832 261 864 de

80 895 139 917 ιἰν.
163 885 197 914 1η
215 889 282 925 rap.

80 943 102 970 4
112 940 122 970 3
132 954 138 960 .
152 930 219 960 Vsu!
231 951 238 959 .

81 976 172 1011 Fabio
186 976 260 1006 ,314-

84 1036 167 1055 ximo
183 1025 240 1054 Lt—

83 1082 149 1101 ·utu·
162 1071 236 1102 libro

81 1128 119 1151 V!
134 1127 142 1151 l
158 1126 168 1151 Ι
189 1123 226 1148 <¹7

80 1406 155 1441 nv.
171 1409 192 1442 Ι.
205 1417 289 1444 xxt-

81 1455 179 1498 Polfh.
194 1458 270 1491 libro

86 1512 166 1538 111·

83 2089 186 2133 Polyb.
206 2091 245 2121 (5

84 2139 103 2168 L
113 2149 160 2168 ιυ.
178 2138 265 2172 ιίιέίυ

83 2184 151 2217 locu
156 2206 166 2217 .

84 3108 119 3158 ξ.
155 3116 251 3152 111.

303 333 372 364 272
702 318 1556 358 DEIVREBELLI

304 392 430 439 Nam
452 390 508 437 de
527 387 756 436 obsidibus
773 401 1048 435 convenerat
1065 426 1076 444 ,
1105 403 1155 433 nt
1172 390 1320 449 capite
1336 388 1510 436 luerent
1542 389 1574 437 fi
1629 389 1731 440 asto
1746 409 1837 442 non
1855 396 1993 443 stare-

309 471 391 501 tur.
425 455 498 503 De
525 453 812 516 sponsoribus
829 468 882 498 an
898 450 1058 497 eadem
1091 450 1136 496 di
1146 450 1215 496 &a
1233 451 1285 496 iit
1301 468 1436 513 poena
1455 454 1501 498 in
1523 454 1588 500 ob
1607 470 1720 502 curo
1737 458 1816 504 est.
1847 457 1996 507 Poenae

306 534 458 564 autem
495 517 718 576 stipulatio
749 514 823 562 tali
858 514 1005 560 modo
1034 511 1153 560 faeta
1174 512 1349 580 efficit,
1387 529 1438 559 ut
1456 514 1673 564 sifaCium
1704 520 1897 581 praestari
1917 538 1998 567 ne·-

307 582 568 643 queat,nihil
582 580 696 626 aliud
718 579 767 625 fit
786 579 827 623 in
842 577 1140 642 obligatione:
1156 575 1353 622 luccedit
1365 577 1487 622 enim
1505 594 1683 626 certum
1705 583 1813 628 loco
1831 583 1993 630 incerti

310 644 435 706 quod
451 643 639 691 interest.
673 644 778 689 Erat
807 656 960 687 autem
990 639 1248 686 communis
1264 638 1451 686 istorum
1485 653 1748 704 temporum
1764 643 1995 697 sententia.

309 709 446 753 etiam
469 708 607 752 vitani
627 706 771 752 valide
786 704 907 766 poffe
925 702 1137 765 obligari.
1172 699 1305 765 Apud
1335 716 1419 747 nos
1437 717 1588 750 autern
1607 706 1681 768 qui
1700 704 1832 753 aliter
1861 707 1997 754 senti·-

308 787 420 823 1mis,
443 770 650 816 existimo
674 768 750 815 tali
766 766 1002 830 sponsione
1019 766 1141 812 bona
1166 767 1364 827 primum
1382 761 1439 809 ad
1459 763 1506 810 id
1521 767 1649 827 quod
1669 769 1850 815 interest
1868 809 1880 828 ‚
1899 771 1947 816 &
1961 770 1994 817 fi

308 849 358 879 ea
376 848 465 879 non
486 832 716 887 sufficiant,
734 846 900 893 corpus
918 829 975 875 ad
997 829 1257 875 servitutem
1273 826 1485 935 obligari.
1520 828 1546 855 *
1579 828 1743 877 fabius
1758 831 1871 878 olim
1885 833 1995 880 Ma·

310 899 456 943 ximus
476 912 577 942 cuni
599 893 777 956 pacium
797 892 1037 955 quoddam
1059 892 1156 951 ejus
1171 906 1275 937 cum
1293 890 1373 936 hol
1393 888 1493 936 ibus
1517 888 1686 939 fastum
1699 892 1890 942 Senatus
1905 896 1994 942 im-

312 959 553 1023 proballet,
573 956 766 1003 fundum
784 954 809 1001 s
802 973 908 1002 uum
928 955 1134 1001 ducentis
1151 953 1347 1001 millibus
1368 952 1574 1000 vendidit
1593 993 1603 1011 ,
1620 958 1669 1002 &
1697 955 1800 1003 fidei
1818 955 1993 1005 satisfe-

312 1021 403 1068 mul
424 1022 645 1068 Samnites
681 1034 793 1065 vero
823 1023 847 1048 *
884 1018 1120 1064 Brutulum
1140 1017 1328 1080 Papium
1359 1015 1642 1064 induciarum
1662 1034 1905 1083 ruptorem
1934 1020 1993 1070 fi-

313 1086 386 1130 cit.
414 1102 517 1131 curn
536 1083 668 1130 bonis
686 1082 771 1129 suis
788 1080 1047 1127 dedendum
1065 1077 1476 1127 reelecensuerunt.

378 1149 425 1195 X
443 1147 483 1195 V
504 1147 520 1192 1
538 1146 573 1191 ἶ.
614 1145 767 1191 Altera
786 1143 962 1206 quaestio
981 1143 1042 1190 est
1058 1182 1069 1201 ‚
1090 1160 1142 1190 an
1158 1141 1331 1208 sponsio
1350 1143 1525 1208 obliget
1551 1141 1772 1192 summam
1794 1146 1992 1210 potesta-

313 1225 406 1257 tem
426 1227 480 1255 ex
496 1210 656 1255 notitia
675 1210 721 1253 δέ
735 1208 925 1254 silentio·
963 1207 1057 1254 Hic
1074 1204 1434 1270 distinguendum
1454 1208 1652 1268 primum
1670 1224 1724 1254 an
1744 1226 1854 1273 pure
1872 1209 1991 1258 facta

316 1274 365 1320 fit
385 1273 557 1337 sponsio
572 1311 582 1328 ,
603 1289 655 1319 an
677 1270 752 1318 sub
770 1270 1038 1317 conditione
1071 1269 1101 1316 fi
1131 1284 1225 1316 rata
1243 1267 1483 1315 haberetur
1500 1272 1526 1316 a
1554 1268 1728 1317 summa
1746 1273 1990 1335 potestate.

315 1335 442 1383 Nam
463 1336 551 1382 haec
569 1334 775 1381 conditio
792 1349 883 1381 non
902 1333 1089 1395 impleta
1107 1333 1123 1393 (
1141 1332 1308 1379 debent
1335 1346 1485 1378 autem
1510 1332 1804 1381 conditiones
1821 1334 1990 1382 diserte

313 1399 491 1462 impleti
511 1398 705 1457 >nullam
721 1396 830 1444 facit
849 1396 1144 1458 sponsionem.
1178 1393 1322 1459 Qod
1349 1394 1467 1440 recte
1479 1398 1693 1443 convenit
1725 1399 1769 1443 in
1788 1398 1990 1460 sponfio-

313 1475 414 1508 nem
435 1460 625 1507 Lurtatii
641 1477 745 1507 cum
766 1460 914 1507 Poenis
932 1458 1203 1508 :accedebat
1218 1455 1344 1520 quod
1360 1473 1414 1503 ea
1432 1456 1475 1504 se
1493 1459 1808 1522 populus,quia
1825 1461 1903 1508 suo
1919 1462 1990 1508 irt-

313 1523 419 1585 juffu
438 1521 554 1569 facia
570 1539 677 1573 erat,
693 1525 839 1571 teneri
853 1537 1117 1587 negaverat:
1143 1523 1205 1569 ita
1240 1536 1295 1567 ue
1308 1521 1488 1581 publico
1500 1522 1687 1569 consilio
1708 1522 1828 1570 aliud
1843 1524 1902 1570 de
1918 1526 1989 1571 in-

313 1603 447 1647 tegro
459 1585 590 1632 fedus
606 1585 773 1633 fadum
793 1602 906 1634 erat.
927 1584 1187 1634 Videndum
1206 1538 1370 1630 deinde
1388 1622 1400 1640 ,
1417 1599 1471 1630 an
1485 1599 1644 1646 praeter
1673 1585 1891 1633 silentium
1916 1603 1989 1634 res

315 1648 474 1713 aliqua
496 1649 734 1697 accesserit.
764 1666 865 1696 narn
892 1649 977 1696 fine
1009 1664 1057 1694 re
1079 1663 1154 1694 aut
1188 1644 1311 1693 facto
1335 1646 1486 1709 aliquo
1524 1646 1743 1695 filentium
1763 1666 1854 1696 non
1884 1650 1988 1697 satis

313 1712 598 1776 probabilem
612 1711 857 1759 voluntatis
871 1710 1175 1773 conjecturam
1194 1708 1461 1818 suppeditat,
1482 1724 1531 1757 ut
1547 1726 1604 1758 ex
1620 1712 1687 1758 his
1712 1729 1806 1774 quae
1823 1711 1883 1759 de
1897 1714 1988 1760 do-

317 1776 437 1822 rninii
455 1774 742 1822 derelic‘tione
761 1774 887 1838 supra
906 1775 1104 1821 diximus
1131 1811 1140 1829 ,
1160 1773 1266 1819 intel
1288 1774 1349 1821 iai
1366 1771 1526 1836 potest.
1557 1772 1648 1820 Sed
1667 1775 1696 1821 fi
1715 1775 1835 1823 aetus
1849 1776 1985 1839 aliqui

315 1837 584 1890 accellerint‚
610 1840 681 1900 qui
699 1837 755 1884 ad
774 1839 907 1884 aliam
925 1838 1100 1883 causam
1117 1823 1413 1897 probabiliter
1430 1833 1586 1882 referri
1616 1853 1835 1901 nequeant
1853 1875 1865 1895 ,
1884 1853 1991 1886 tum

320 1900 438 1946 recte
455 1900 726 1965 intelligetur
755 1900 876 1946 astus
908 1914 1029 1946 ratus
1058 1898 1141 1945 effe
1160 1899 1337 1946 habitus
1358 1914 1368 1945 :
1400 1898 1642 1960 quomodo
1660 1901 1901 1962 probatum
1934 1901 1984 1949 id

318 1962 445 2025 quod
470 1980 576 2009 cum
606 1962 841 2010 Gaditanis
872 1977 1145 2009 convenerat
1168 1981 1182 2019 3
1208 1976 1338 2008 notat
1355 1959 1524 2007 Cicero
1543 1977 1628 2024 pro
1645 1963 1800 2010 Balbo.
1836 1963 1983 2011 Silen-

316 2032 430 2071 tium
456 2024 664 2072 adversus
696 2024 1086 2087 Carthaginienses
1115 2024 1335 2085 urgebant
1361 2022 1558 2070 Romani
1586 2024 1645 2071 de
1658 2026 1860 2088 paciione
1875 2043 1982 2074 cum

322 2087 569 2135 Asdrubale
585 2086 713 2134 sacta.
746 2085 839 2134 Sed
854 2104 955 2134 curn
975 2086 1050 2133 illa
1085 2087 1232 2148 pastio
1265 2085 1412 2133 verbis
1427 2102 1646 2151 concepta
1662 2089 1766 2135 esset
1782 2091 1985 2152 neganti-

315 2149 414 2205 bus,
432 2166 486 2195 ne
505 2151 629 2198 Poeni
647 2166 825 2198 amnem
848 2151 1026 2197 Iberum
1041 2149 1275 2195 transirent
1294 2187 1304 2205 ‚
1321 2151 1396 2195 vix
1412 2163 1510 2195 erat
1527 2165 1577 2196 ut
1607 2149 1821 2198 silentium
1837 2153 1983 2200 solum

316 2212 371 2259 ad
392 2212 693 2259 inducendam
711 2211 1079 2259 ratihabitionem
1109 2211 1213 2258 fasti
1232 2213 1360 2258 alieni
1391 2212 1559 2258 valeret
1579 2252 1589 2269 ‚
1610 2215 1773 2277 quippe
1792 2232 1894 2262 cum
1911 2215 1983 2262 fa-

312 2276 433 2321 {tum
455 2278 690 2339 proprium
709 2276 876 2322 nullum
899 2275 1094 2322 secutum
1113 2274 1234 2330 effer,
1257 2273 1331 2321 nisi
1350 2273 1587 2338 aliquando
1612 2275 1775 2324 Poenus
1798 2277 1981 2324 Iberum

315 2338 500 2385 transsre
521 2339 678 2386 volens
695 2337 950 2402 prohibitus
979 2342 1006 2384 a
1035 2337 1254 2384 Romanis
1283 2336 1389 2384 effer
1409 2376 1420 2393 ,
1443 2353 1693 2400 eorumque
1708 2339 1832 2388 disto
1855 2341 1982 2388 Poeni

314 2401 566 2463 parnilsent.
584 2402 687 2448 talis
700 2403 819 2447 enim
837 2400 957 2447 astus
967 2401 1058 2447 vim
1076 2400 1213 2446 habet
1229 2399 1349 2447 aRus
1365 2400 1543 2462 pofitivi
1565 2439 1575 2458 ,
1593 2418 1673 2448 nec
1690 2419 1842 2450 manet
1862 2407 1981 2451 intra

316 2468 422 2513 fines
438 2465 557 2511 nude
575 2464 836 2511 abnutivos.
872 2462 1014 2528 Qod
1035 2463 1063 2509 fi
1080 2462 1271 2509 Lustatii
1289 2463 1436 2526 pactio
1461 2466 1607 2528 plures
1637 2464 1854 2514 habuisset
1877 2482 1982 2530 par-

310 2547 395 2583 tes,
416 2531 463 2574 Sc
481 2542 658 2574 caeteras
676 2541 825 2590 partes
842 2530 868 2572 a
882 2528 981 2587 jure
1000 2527 1230 2572 communi
1244 2526 1453 2573 abeuntes
1469 2526 1728 2576 observatas
1758 2533 1782 2575 a
1801 2530 1981 2577 Roma-

312 2595 375 2638 ni<
391 2590 565 2648 semper
587 2604 824 2653 appareret
842 2626 853 2644 ‚
882 2592 974 2649 jam
1002 2586 1102 2634 stitis
1133 2589 1260 2635 firma
1275 2589 1379 2636 esset
1396 2590 1651 2651 conjectura
1715 2593 1885 2640 robatae
1901 2607 1980 2656 pa-

310 2655 490 2701 stionis.
519 2652 735 2700 Restabat
754 2653 828 2698 hic
842 2650 993 2697 dicere
1009 2650 1172 2712 aliquid
1185 2650 1242 2697 de
1253 2649 1530 2716 paftioni'ous
1544 2670 1651 2716 quas
1705 2671 1807 2715 uces
1824 2659 1869 2701 &
1887 2657 1977 2702 mi-

311 2717 411 2763 lites
425 2731 514 2761 non
532 2714 590 2760 de
603 2731 660 2762 eo
679 2715 805 2778 quod
825 2712 986 2760 summi
1001 2714 1062 2760 est
1081 2714 1270 2775 imperii,
1289 2714 1364 2762 sed
1376 2715 1433 2762 de
1452 2731 1499 2762 re
1517 2719 1694 2779 privata
1711 2717 1781 2764 sua
1799 2733 1874 2765 aut
1894 2718 1973 2765 fibi

310 2779 517 2843 permista
532 2777 701 2824 faciunt
720 2794 731 2825 :
747 2776 820 2824 sed
837 2775 896 2822 de
918 2776 984 2822 his
1014 2777 1175 2841 agendi
1196 2781 1469 2840 oportunior
1496 2781 1583 2827 erit
1606 2780 1733 2829 locus
1748 2780 1825 2829 ubi
1844 2780 1902 2830 ad
1918 2797 1971 2828 ea

315 2859 409 2905 qua>
425 2845 469 2888 in
491 2841 611 2887 bello
630 2841 841 2889 accidunt
853 2854 1122 2903 perventum
1139 2841 1240 2888 erit.

767 2968 1066 3029 Annotata
1102 2965 1174 3029 ad
1211 2967 1409 3050 Caput
1440 2986 1535 3030 xv.

461 3097 541 3140 Vod
547 3096 651 3155 apud
670 3102 843 3140 Senecam
852 3109 1005 3155 patrem
1021 3095 1098 3150 est]
1137 3090 1303 3139 Contr.
1326 3107 1385 3139 1v
1401 3129 1413 3148 ,
1447 3105 1526 3156 29.

311 3101 441 3246 Q
508 3166 552 3205 In
567 3162 684 3215 regma
701 3173 831 3216 regum
847 3159 1015 3213 estfedus
1024 3159 1178 3215 facere]
1214 3153 1330 3202 Vide
1377 3172 1438 3202 uae
1452 3156 1569 3202 infra
1581 3153 1656 3202 lib.
1679 3171 1702 3205 1
1712 3171 1734 3205 1
1746 3172 1767 3206 1
1776 3169 1972 3221 ,cap-303,

461 3217 498 3273 §.
514 3235 533 3266 1
548 3235 564 3266 1
576 3258 587 3275 ‚
608 3221 656 3265 ὅ(
672 3216 965 3279 sequentibus.
986 3216 1169 3268 Servius
1184 3217 1242 3267 ad
1257 3171 1374 3268 illudl
1383 3234 1407 3268 1
1418 3234 1438 3267 1
1455 3218 1687 3269 AEneidos.

719 3291 955 3344 Servataque
961 3283 1095 3341 serves

557 3351 677 3405 Troja
694 3345 815 3403 fidem
829 3361 849 3405 3

1865 3412 1975 3469 Qia
