2475 3854
891 241 1305 289 INDEX.

276 315 468 373 Regnum
483 315 625 357 Italiae.

276 371 442 427 Regulae
456 371 505 413 de
521 385 570 412 eo
583 368 694 423 quod
707 367 804 412 licet
816 368 858 412 in
873 367 1080 420 bello.4z4

999 438 1076 474 425

274 477 437 534 Regula
455 508 466 527 ,
482 475 698 519 secundnm
713 490 900 521 naturam
912 477 986 520 ess'e
1003 509 1015 530 ‚
1032 488 1079 519 ut

327 545 449 587 quem
477 531 690 586 sequuntur
729 534 994 576 incommoda
1032 535 1077 575 &

324 588 547 630 commoda
561 587 1004 643 sequantur,quomodo
1020 586 1080 629 in-

327 641 556 695 telligenda.
1001 657 1052 684 20
1062 656 1077 684 1

275 694 446 756 Regulae
470 695 582 749 super
594 696 949 741 deliberationibus
977 697 1080 750 poli-

327 762 434 793 ticis.
999 765 1052 801 40

274 805 469 848 Relatum
486 805 527 848 in
543 805 750 848 referente.
922 814 924 816 ’
1001 765 1080 857 573

273 859 444 916 Religio
458 873 542 912 quo
558 861 663 902 sensu
672 862 773 915 juris
788 859 984 918 gentium.
1001 873 1072 911 341

272 914 445 971 Religio
459 916 700 963 Christiana,
710 930 790 970 qua
803 916 893 968 talis
902 917 1079 969 proprie,

329 971 580 1013 naturalibus
605 971 853 1027 argumentis
878 984 960 1012 non
987 969 1079 1012 niti-

325 1036 406 1067 tur.
1001 1039 1074 1078 345

271 1079 505 1137 Religionis
529 1080 698 1134 publicae
726 1080 846 1122 status
875 1080 981 1135 apud
996 1081 1082 1123 He-

326 1136 453 1178 braeos
469 1140 492 1177 h
506 1136 622 1192 Rege
634 1136 839 1190 pendebat.
1031 1141 1078 1185 ες

273 1189 510 1247 Religionis
531 1191 598 1246 jus
623 1192 673 1234 ad
686 1189 921 1233 societatem
936 1189 1082 1232 huma-

327 1260 432 1288 nam.
1001 1259 1082 1297 340

272 1297 536 1355 Religionem
552 1300 674 1343 multi
699 1301 843 1343 affeetu
868 1313 950 1342 non
973 1298 1080 1354 judi-

326 1355 394 1396 cio
407 1356 637 1409 sequuntur.
1000 1366 1081 1407 344

273 1408 483 1467 Religiosa
497 1412 590 1452 belli
602 1412 691 1464 jure
705 1412 971 1451 destruuntur.
998 1414 1080 1458 469

272 1463 482 1562 Resligiosa
496 1467 586 1508 loca
599 1465 779 1508 hostibus
796 1464 982 1520 religiosa
999 1478 1080 1506 non

348 1532 431 1562 unt.
1001 1533 1083 1569 470

272 1572 607 1632 Religiofislocis
634 1574 879 1629 parcendum
894 1574 936 1617 in
960 1574 1079 1616 bello.

271 1683 539 1725 Renuntiare.
556 1682 646 1725 vide
661 1682 872 1725 Abdicare.

270 1738 538 1780 Renuntiatio
565 1740 614 1779 de
644 1750 770 1792 regno
797 1752 847 1778 an
879 1737 1081 1780 noceatli-

325 1792 430 1833 beris
445 1793 560 1835 natis,
580 1793 621 1831 ὅ(
635 1805 684 1832 an
699 1792 918 1833 nascituris.
1005 1799 1078 1842 187

270 1860 353 1888 non
369 1849 567 1898 Repetere
578 1845 684 1886 aliud
702 1859 823 1899 quam
839 1848 948 1888 dare.
1002 1860 1081 1895 244

271 1899 589 1955 Repraesentatio
601 1902 707 1952 apud
723 1902 935 1944 Hebraeos.
1006 1907 1078 1948 178

271 1955 647 2009 Repraesentationis
657 1955 722 2009 jus
736 1955 854 1996 unde.
987 1953 1078 1997 ibid.

271 2011 589 2065 Repraesentntio
609 2011 825 2054 Germanis
837 2009 924 2051 sero
939 2009 1080 2063 cogni-

272 2078 587 2176 Rgfiiaesentatio
602 2119 644 2162 in
671 2119 800 2164 dnbio
815 2071 1076 2216 admittenlbcl}

986 2191 999 2215 1
1025 2190 1037 2215 1
1068 2203 1077 2215 a

272 2229 590 2284 Repraesenratio
604 2243 684 2272 non
700 2230 883 2285 surrogat
897 2228 939 2269 in
955 2231 1076 2281 privi-

326 2286 497 2342 legium‚
512 2285 625 2340 quod
641 2284 754 2327 sexus
768 2297 837 2325 aut
850 2285 976 2327 aetatis
994 2297 1075 2324 erat

326 2341 549 2394 proprium.
1002 2345 1074 2392 183

274 2394 524 2449 Repreffaliae
543 2394 654 2450 quid.
985 2404 1075 2445 446.

273 2450 608 2503 Repressaliarnm
637 2448 805 2491 facultas
833 2448 1077 2503 impeti-anzi

329 2506 505 2559 principe
521 2505 634 2546 solet.
997 2515 1076 2553 447

273 2558 317 2601 in
331 2560 582 2614 Repreffaliis
595 2558 752 2601 citatio,
985 2559 1073 2601 ibid.

273 2615 526 2668 Repreffalns
564 2616 634 2669 qui
674 2613 791 2666 culpa
822 2610 888 2654 sua
917 2614 1072 2654 causam

329 2672 546 2720 dederunt,
570 2681 753 2710 tenentur
770 2681 856 2717 eos,
880 2668 951 2721 qui
965 2669 1074 2709 dam-

327 2739 427 2768 num
444 2724 534 2780 pass}
551 2725 646 2775 sunt,
660 2724 864 2765 indemnes
886 2723 1076 2820 Ριεείῖἳτὲ,

984 2794 999 2819 l
1024 2795 1037 2820 t
1066 2811 1074 2819 .

276 2833 529 2886 Repress‘aliis
545 2834 712 2876 obnoxii
727 2833 797 2887 qui
813 2832 895 2874 fint.
999 2845 1074 2882 446

275 2890 531 2943 Repreisaliis
557 2903 639 2930 non
653 2889 809 2931 subsunt
822 2886 1001 2944 legati&
1016 2902 1077 2929 res

331 2958 488 2985 eorum.

275 2997 530 3051 Repressaliis
550 2998 672 3039 eximi
701 2998 789 3053 lege
817 2996 926 3038 civili
955 2998 1078 3039 solent

1004 329 1080 362 209
1100 324 1101 330 ¹
1127 315 1211 358 Res
1225 317 1390 370 repetita
1405 318 1503 373 quid
1521 321 1729 377 significet.

1900 338 1924 366 2

1124 370 1212 414 Res
1239 386 1375 426 rapere
1402 375 1503 428 quid
1535 380 1732 421 veteribus
1760 337 1929 425 Latiiiis.

1876 445 1925 480 56

1123 477 1208 522 Res
1221 479 1384 523 redde‘re
1398 495 1474 536 pro
1497 484 1633 538 quavis
1647 450 1925 531 satisfaetigne.

1830 542 1925 585 ibid.

1124 585 1208 628 Res
1222 588 1376 647 possunt
1400 591 1488 643 capi
1504 619 1516 637 2
1547 592 1666 634 etiam
1683 593 1722 633 in
1737 605 1926 647 compen-

1178 641 1371 686 sationem
1400 646 1527 688 debiti
1553 646 1599 689 in
1640 647 1746 689 bello
1788 649 1928 691 subna-

1178 694 1337 739 scentis.
1851 717 1926 752 542.

1124 749 1209 812 Res
1223 750 1398 812 hostium
1414 755 1577 807 perdere
1591 755 1795 810 quousque
1809 757 1929 799 liceat

1173 805 1325 857 justitia
1339 819 1507 851 interna.
1743 825 1759 858 5
1768 824 1836 862 30,
1857 828 1872 860 5
1883 828 1901 865 3
1913 828 1929 854 r

1126 858 1212 901 Res
1233 861 1480 920 amicornm,
1497 877 1585 919 quae
1610 864 1860 918 reperiuntur
1895 868 1940 910 in

1179 916 1348 975 nayibus
1361 916 1536 961 hostium
1549 949 1560 964 .
1598 932 1647 960 an
1662 919 1756 962 belli
1766 920 1857 975 jure
1871 935 1939 963 ac·

1177 981 1401 1022 qmrantur.
1721 982 1725 986 “
1745 987 1828 1029 474
1848 988 1930 1026 475

1129 1022 1213 1066 Res
1229 1026 1272 1066 ὅ(
1288 1027 1436 1068 modus
1446 1026 1554 1070 circa
1567 1026 1785 1083 imperium
1801 1030 1940 1074 distin-

1180 1090 1376 1133 guuntur.
1881 1091 1932 1139 58

1126 1130 1210 1174 Res
1227 1147 1317 1193 ‚non
1334 1134 1529 1188 perduc'tae
1555 1136 1659 1180 intra
1673 1138 1845 1192 praesidia
1859 1139 1936 1181 do-

1179 1200 1352 1231 mimum
1369 1203 1450 1231 non
1464 1204 1636 1234 mutant.
1857 1203 1936 1246 504

1124 1241 1265 1285 Rebus
1291 1245 1341 1285 ad
1379 1245 1534 1289 ‘bellum
1576 1260 1657 1289 non
1688 1246 1936 1291 facientibus

1177 1300 1434 1349 parcendum.
1853 1313 1929 1357 533

1126 1351 1285 1448 Reitum
1300 1355 1475 1397 defenfio
1502 1369 1550 1398 an
1572 1355 1638 1412 ius
1663 1357 1731 1401 det
1744 1356 1931 1399 occiden-

1207 1421 1231 1447 ι.
1852 1425 1926 1461 105

1123 1461 1282 1504 Rerum
1312 1462 1594 1506 servandarum
1622 1464 1738 1506 causa
1767 1464 1828 1508 vis
1864 1481 1933 1520 pet

1177 1517 1443 1572 Euangelium
1458 1533 1508 1561 an
1523 1521 1567 1562 δε
1589 1532 1785 1574 quatenus
1799 1521 1930 1563 licita.

1846 1590 1894 1617 10

1127 1624 1363 1667 Rescifforia
1380 1626 1488 1670 afflo
1503 1642 1552 1671 ex
1566 1628 1813 1684 postliminio
1826 1586 1936 1682 epu}

1179 1681 1402 1723 Romanos.
1853 1697 1928 1729 502

1125 1734 1317 1776 Refistere
1330 1750 1378 1776 an
1410 1736 1528 1778 liceat
1553 1735 1749 1790 superiori
1764 1736 1806 1777 in
1821 1739 1928 1779 snm·-

1178 1803 1242 1829 ma
1260 1789 1500 1831 ueceffitate.
1878 1799 1929 1834 86

1124 1843 1359 1885 Refistentia
1389 1844 1585 1885 obstinata
1613 1856 1693 1885 non
1720 1842 1855 1886 sufficit
1879 1848 1932 1890 ad

1170 1898 1234 1950 jus
1268 1899 1469 1940 internum
1510 1896 1721 1940 occidendi
1760 1901 1933 1942 resisten-

1177 1963 1272 1991 tem.
1851 1971 1925 2009 523

1122 2006 1353 2048 Refistentia
1367 2005 1503 2060 aliqua
1530 2006 1572 2048 in
1587 2006 1786 2054 delatione
1800 2008 1925 2064 impe-

1176 2061 1225 2102 rii
1241 2061 1428 2103 reservari
1446 2062 1646 2104 interdum
1662 2062 1772 2104 solet,
1875 2080 1925 2113 91

1123 2116 1362 2167 Respublica
1391 2130 1473 2158 non
1487 2129 1643 2160 tenetur
1655 2131 1712 2159 ex
1721 2119 1828 2161 fano
1842 2118 1930 2162 snb-

1175 2171 1263 2211 diti.
1876 2185 1928 2219 66

1124 2224 1372 2278 Reipublicae
1400 2226 1552 2267 bonum
1568 2242 1616 2269 an
1633 2226 1754 2270 nostri
1767 2190 1928 2272 tentiim

1178 2281 1291 2321 causa
1306 2281 1583 2325 deficit-remus,
1850 2296 1927 2334 104

1126 2335 1374 2388 Reipublicae
1401 2336 1531 2377 forma
1561 2348 1715 2378 mutata
1741 2338 1845 2391 apud
1861 2339 1923 2380 vi·-

1173 2392 1276 2441 Ctos,
1295 2393 1338 2433 ὅ(
1365 2404 1412 2431 an
1427 2392 1542 2433 redte.
1739 2407 1829 2443 553,
1851 2405 1928 2445 554

1120 2444 1345 2487 Restituere
1379 2446 1448 2498 qui
1489 2457 1696 2487 teneantur
1720 2445 1921 2497 faciendo,

1170 2514 1237 2541 aut
1252 2514 1333 2542 non
1349 2500 1543 2542 faeiendo.
1841 2517 1920 2550 290

1119 2554 1337 2597 Restitutio
1351 2569 1432 2596 non
1455 2556 1621 2596 debetur
1633 2570 1680 2596 ex
1694 2556 1801 2598 bello
1809 2555 1918 2609 justo

1171 2612 1227 2651 ob
1240 2608 1422 2651 vitiosam
1436 2609 1716 2651 intentionem.
1838 2627 1857 2663 3
1866 2618 1917 2659 89

1118 2665 1338 2710 Restitutio
1364 2678 1494 2706 rerum
1523 2678 1727 2718 captarum
1753 2664 1794 2707 in
1808 2667 1919 2709 bello

1171 2719 1211 2762 in
1237 2719 1324 2772 jure
1354 2719 1480 2761 dubio
1511 2721 1723 2773 quomodo
1764 2732 1919 2774 tempe..

1170 2776 1302 2815 tanda.
1838 2782 1914 2829 558

1116 2830 1336 2874 Restitutio
1364 2842 1505 2870 eorum
1521 2862 1532 2881 ,
1560 2841 1646 2882 quae
1659 2827 1761 2871 hosti
1776 2828 1916 2882 injuste

1168 2883 1314 2925 tenenti
1331 2895 1460 2936 erepta
1475 2884 1573 2924 sunt.
1836 2900 1851 2932 5
1863 2897 1915 2937 57

995 2955 1072 2992 447
1119 2938 1431 2982 Restitutionem
1461 2938 1532 2991 qui
1560 2938 1727 2979 debeant
1752 2937 1793 2980 in
1824 2940 1918 2982 soli-

1169 2995 1264 3034 dum
1282 2994 1343 3034 vel
1359 3008 1407 3033 ex
1423 3005 1543 3045 parte.
1837 3007 1915 3042 291

330 3052 547 3102 mulieres,
575 3052 744 3093 infantes
760 3085 770 3102 ,
801 3066 861 3093 res
887 3052 1078 3094 studioso·
1120 3048 1400 3093 Restitutionis
1422 3045 1622 3102 obligatio
1646 3060 1695 3088 ex
1723 3046 1829 3089 bello
1854 3050 1918 3090 in..

330 3120 435 3154 rum,
453 3119 522 3147 aut
537 3107 585 3148 ad
600 3107 793 3148 nundinas
808 3106 939 3148 miffae.
955 3135 970 3139 -
983 3109 1074 3150 ibid.

1169 3104 1283 3155 justo.
1837 3114 1916 3157 510

278 3160 611 3214 Repress‘aliarum
649 3162 738 3213 jura
773 3161 849 3202 alia
877 3160 960 3203 sunt
979 3163 1083 3216 juris
1119 3158 1366 3203 Restitutum
1381 3155 1564 3202 debitum
1592 3169 1639 3199 ex
1655 3168 1738 3210 quo
1761 3155 1847 3210 iure
1869 3173 1918 3199 o·

331 3216 530 3273 gentium,
549 3215 626 3261 aua
636 3215 736 3272 juris
748 3215 894 3262 civilis·

995 3216 1084 3266 abia.
1095 3197 1102 3268 Ι

1172 3213 1312 3259 riatur.
1835 3230 1854 3254 2
1861 3227 1909 3261 91

1765 3268 1920 3315 Resur-
