2380 3917
428 302 500 349 155
842 300 1285 337 ne1vnr,
1368 303 1682 344 Βειιι

425 377 648 422 tationem
664 385 754 416 non
773 368 875 416 satis
888 371 1112 417 momenti
1130 368 1220 418 est:
1252 385 1341 432 qua
1359 368 1418 416 de
1430 371 1561 419 causa
1587 370 1663 420 ubi
1681 387 1810 436 pares
1826 371 1922 422 sunt
1942 372 2118 424 senten-

426 441 514 492 tias,
533 439 557 464 *
577 449 677 480 reus
692 432 918 479 absolutus
933 432 1069 479 intelli
1112 436 1216 479 itur.
1250 432 1380 495 quod
1397 435 1469 494 jus
1491 435 1713 482 Minervae
1727 435 1948 484 calculum
1965 440 2116 486 Graeci

427 513 594 547 vocant
625 513 680 541 cx
699 495 850 542 fabula
867 496 926 541 de
965 494 1080 542 Orel
1104 512 1128 541 e
1147 512 1158 544 :
1195 513 1289 559 quae
1307 512 1379 543 res
1401 497 1520 562 apud.
1537 497 1801 560 AEschylum
1818 499 1977 557 Furiis,
2003 503 2052 548 &
2071 519 2120 548 a-

428 566 522 627 pud
541 559 818 621 Euripidem,
841 559 865 585 *
883 558 1048 606 Oreste
1063 560 1111 604 δε
1129 559 1308 607 Elestra
1327 560 1560 623 tragoediis
1577 561 1794 609 trastatur
1812 580 1823 609 t
1857 561 1934 611 Sic
1950 566 1998 610 δε
2015 563 2122 626 pos-

430 626 563 673 sessor
580 639 674 671 reni
696 637 845 670 tenet:
879 638 975 683 quae
991 624 1110 669 ratio
1127 638 1221 669 non
1241 624 1362 670 male
1389 622 1627 670 observata
1642 624 1703 671 est
1722 628 1748 671 a
1767 624 1987 688 scriptore
2012 642 2121 690 pro-

430 689 677 736 blematum
714 694 809 746 quae
832 683 1065 732 Aristoteli
1095 684 1393 734 asscribuntur
1411 725 1423 743 ‚
1443 686 1639 734 sedtione
1673 703 1819 735 xx1x.
1871 688 1924 735 In
1940 687 2120 736 Senecae

430 747 737 799 controvctfiti
760 748 955 810 quadam
978 748 1038 795 est
1058 752 1325 812 :Alter-iudex
1338 753 1517 801 damnat,
1540 755 1642 796 alter
1651 755 1821 810 abfhlvit
1839 774 1849 795 .·
1868 757 1972 798 inter
1989 756 2119 861 diga-

432 835 490 862 νε,-
507 818 707 871 fintenum
736 811 760 835 '⁴‘
791 820 925 858 mitior
945 820 1097 859 vincat.
1135 811 1266 860 Nmn
1288 812 1345 859 fic
1378 816 1426 859 δέ
1440 815 1481 859 in
1502 812 1747 860 dialcsticis
1770 813 2032 862 collefiioni
2068 830 2119 865 us

432 872 576 924 illatio
595 890 694 920 eain
713 890 891 944 partem
910 872 1122 938 sequitur,
1146 892 1241 937 quae
1253 877 1399 922 minus
1418 891 1594 922 onerat.

498 941 545 986 X
569 939 586 984 I
607 937 672 984 Χ.
708 937 803 983 Sed
818 939 893 985 hic
914 938 1094 1000 quaestio
1117 939 1227 987 oriri
1245 937 1360 985 solet
1374 938 1434 986 de
1449 938 1781 1003 conjungendis
1810 952 1890 986 aut
1908 939 2118 987 dividen-

431 1004 501 1051 dis
520 1002 748 1050 sententiis
777 1017 787 1047 :
817 1018 903 1063 qua
923 1001 980 1047 de
995 1018 1043 1047 re
1063 1016 1122 1047 ex
1141 1017 1272 1048 mero
1291 1004 1389 1061 jure
1409 1002 1601 1063 naturali
1615 1001 1694 1059 ,id
1711 1002 1772 1048 est
1787 1040 1799 1058 ,
1821 1002 1850 1049 fi
1869 1002 2018 1066 pastio
2040 1017 2119 1050 aut

433 1068 507 1114 lex
524 1063 644 1112 alind
657 1080 748 1110 non
761 1066 989 1126 praecipiat
1009 1103 1020 1120 ,
1039 1063 1404 1129 distinguendum
1427 1064 1607 1112 videtur
1631 1066 1747 1111 inter
1765 1064 2006 1112 sententias
2022 1082 2118 1127 quae

431 1132 545 1178 totis
559 1126 692 1174 rebus
708 1126 942 1183 differunt,
964 1129 1011 1173 δε
1028 1128 1146 1174 inter
1164 1143 1240 1183 eas
1251 1144 1443 1190 quarum
1457 1129 1598 1175 altera
1615 1144 1793 1192 partem
1811 1128 1991 1174 alterius
2004 1144 2119 1174 con-

433 1196 561 1247 tinet,
580 1206 630 1236 ut
645 1191 709 1235 ha:
729 1190 753 1215 *
770 1190 1095 1254 conjungendae
1113 1190 1196 1237 sint
1215 1192 1259 1237 in
1277 1207 1335 1237 eo
1351 1206 1445 1253 quo
1463 1192 1756 1247 conveniunt,
1778 1190 1860 1237 illae
1875 1207 1966 1238 non
1983 1192 2118 1239 item.

433 1256 510 1304 Sic
527 1255 599 1318 qui
620 1255 663 1300 in
679 1254 842 1315 viginti
862 1252 970 1299 dam
978 1268 1104 1304 nant,
1123 1254 1171 1298 δέ
1187 1254 1322 1316 quiin
1338 1253 1516 1312 decem,
1531 1256 1863 1318 conjungentur
1879 1256 1923 1300 in
1940 1253 2022 1299 illo
2038 1252 2118 1300 de-

430 1336 534 1368 cern
551 1314 763 1364 adversus
777 1314 1045 1363 sententiam
1057 1314 1379 1364 absolventem.
1419 1318 1480 1365 At
1499 1319 1572 1380 qui
1590 1331 1743 1364 morte
1760 1333 1887 1363 reum
1908 1317 2116 1380 puniunt,

431 1386 481 1430 &
499 1383 574 1445 qui
592 1379 812 1442 relegant,
832 1394 926 1426 non
947 1382 1299 1445 conjungentur,
1319 1381 1421 1443 quia
1440 1379 1616 1428 diversa
1629 1380 1720 1426 haec
1735 1381 1848 1437 sunt,
1865 1381 1911 1426 δε
1928 1380 1972 1425 in
1987 1395 2118 1426 mor-

429 1462 480 1494 te
496 1460 589 1492 non
601 1442 662 1489 est
682 1441 922 1505 relegatio.
947 1442 1042 1489 Sed
1057 1459 1142 1490 nec
1158 1442 1444 1491 absolventes
1469 1460 1572 1490 cum
1593 1442 1895 1506 relegantibus
1922 1444 2118 1502 conjun-

432 1522 613 1573 gentur,
633 1507 739 1567 quia
753 1504 836 1553 etii
850 1520 940 1551 non
955 1505 1313 1553 interficiendum
1329 1521 1458 1553 reum
1471 1506 1772 1565 consentiunt,
1787 1505 1839 1553 id
1856 1519 2007 1554 tamen
2024 1521 2117 1551 non

433 1573 497 1620 est
513 1567 623 1617 illud
639 1565 784 1632 ipsum
802 1568 931 1631 quod
954 1569 1065 1615 dicit
1081 1567 1296 1616 sententia
1318 1606 1329 1625 ,
1346 1568 1423 1616 sed
1439 1585 1519 1632 per
1534 1570 1900 1631 consequentiam
1916 1567 2023 1615 inde
2035 1568 2118 1614 eli-

194 1631 376 1701 Lhst'ss
395 1690 410 1697 ⁶
436 1638 553 1683 citur
573 1649 584 1681 :
614 1646 662 1678 at
694 1632 773 1692 qui
802 1632 974 1695 relegat
998 1648 1089 1678 non
1123 1631 1335 1679 absolvit.
1374 1634 1527 1695 Qare
1545 1633 1665 1680 re6ie
1684 1632 1850 1679 Plinius
1869 1670 1881 1688 ‚
1899 1648 2005 1678 cum
2025 1631 2117 1681 tale

198 1682 393 1763 ζζᾷζῆζζλ
437 1696 550 1761 quid
568 1697 613 1741 in
636 1692 801 1741 Senatu
822 1694 1035 1741 evenisset
1055 1733 1065 1750 ,
1086 1708 1263 1742 tantam
1289 1694 1407 1741 dixit
1424 1696 1745 1742 sententiarum
1779 1694 1865 1742 effe
1879 1693 2116 1741 diverlita·

224 1749 235 1773 ³
346 1751 357 1761 ⁶
438 1773 605 1815 tem,ut
618 1773 708 1804 non
727 1756 898 1819 poffent
916 1757 1002 1803 effe
1020 1757 1095 1804 nisi
1115 1757 1359 1821 fingulae3&
1376 1758 1611 1820 parvulum
1629 1757 1869 1809 referre,an
1881 1757 2007 1803 idem
2025 1754 2117 1803 dis-

199 1816 335 1861 Excerp.
357 1814 420 1860 ²⁶8·
441 1820 812 1888 pliceret‚quibus
828 1836 920 1866 non
940 1821 1062 1866 idem
1078 1821 1392 1882 placuisset.Et
1419 1820 1444 1848 *
1463 1820 1679 1881 Polybius
1694 1836 1821 1868 notat
1834 1824 1860 1868 a
1875 1819 2109 1867 Postumio

435 1899 632 1950 praetore
649 1882 861 1930 fraudem
899 1882 1067 1930 fastam
1081 1886 1126 1931 in
1143 1883 1359 1948 rogandis
1376 1883 1602 1931 sententiis
1624 1921 1635 1940 ,
1654 1900 1760 1930 cuin
1777 1899 1857 1930 eos
1873 1884 1949 1945 qui
1969 1884 2117 1948 capti-

438 1965 526 1997 vos
542 1949 725 1995 Graecos
760 1945 1047 1993 damnandos
1069 1985 1080 2001 ,
1119 1948 1168 1992 δε
1184 1949 1262 2008 qui
1292 1946 1351 1992 ad
1378 1961 1558 2010 ternpus
1580 1946 1840 1993 retinendos
1859 1944 2111 2002 censebant,

437 2026 604 2060 contra
617 2007 902 2055 absolventes
918 2011 1236 2074 conjungeret.
1265 2008 1421 2056 Exstat
1450 2009 1580 2068 hujus
1595 2010 1770 2072 generis
1788 2008 1964 2072 quaestio
1992 2008 2114 2072 apud

437 2074 639 2124 Gellium
656 2070 774 2118 libro
791 2085 867 2117 1x.
889 2071 937 2116 &
956 2071 1078 2134 apud
1113 2071 1307 2118 Curium
1326 2071 1697 2118 Fortunatianuin
1714 2073 1758 2117 in
1775 2072 1881 2117 loco
1899 2071 1956 2117 de
1972 2088 2114 2134 quan-

439 2141 626 2186 titatum
646 2149 753 2180 com
789 2135 1027 2181 aratione:
1055 2135 1104 2179 δε
1121 2134 1240 2197 apud
1257 2135 1586 2200 Qntilianum
1614 2150 1792 2197 patrem
1808 2135 2113 2182 controverlia

440 2214 634 2249 CCCLXV.
668 2198 745 2244 ubi
795 2212 855 2243 aec
890 2195 1029 2244 verba
1067 2196 1165 2243 sunt
1187 2213 1196 2244 :
1221 2207 1305 2243 Iam
1335 2212 1464 2258 aperte
1481 2217 1561 2244 una
1585 2203 1708 2257 plures
1723 2202 1835 2259 facie.
1851 2205 1940 2257 jam
1955 2202 2113 2245 turham

440 2268 569 2323 ssam,
588 2281 663 2325 quat
678 2258 860 2319 universa
875 2278 1021 2305 noceret
1038 2263 1256 2307 dividendo
1273 2267 1471 2320 extinguis.
1486 2269 1574 2305 Duo
1587 2263 1756 2315 exilium,
1770 2262 1846 2306 a'uo
1862 2267 2112 2320 ignominiam

436 2330 717 2391 pronuntiant.
731 2329 792 2367 Vis
809 2341 870 2381 ego
886 2326 962 2367 illos
966 2324 1143 2381 jungam,
1160 2325 1373 2385 quiseipsos
1391 2325 1597 2368 dividunt.

504 2387 554 2435 X
569 2385 634 2432 X.
672 2383 952 2431 Addenduin
970 2386 1018 2430 ὃς
1038 2384 1127 2430 hoc
1143 2405 1157 2443 3
1174 2384 1282 2446 siqui
1301 2381 1510 2440 absentia,
1534 2399 1610 2430 aut
1639 2385 1767 2432 aliter
1786 2384 1991 2446 impediti
2008 2385 2110 2445 jure

442 2449 523 2497 suo
541 2450 608 2496 uti
625 2464 718 2495 non
734 2448 925 2509 possunt,
945 2463 1104 2493 eornm
1117 2449 1184 2506 jus
1201 2448 1380 2493 interim
1399 2446 1649 2493 accrescere
1665 2448 1965 2511 praesentibus:
1982 2447 2109 2510 quod

208 2506 279 2542 Μ·
298 2511 376 2543 ¹¹¹·
445 2518 470 2544 *
490 2512 660 2560 Seneca
678 2513 721 2556 in
741 2508 1072 2558 Controversia
1091 2510 1283 2572 quadam
1303 2508 1557 2572 exsequitur
1570 2525 1582 2559 z
1597 2520 1701 2558 Puta
1712 2528 1750 2557 te
1752 2516 1915 2571 servum
1932 2517 1992 2573 csse
2007 2531 2111 2558 com-

448 2596 601 2624 munem
617 2599 627 2621 .·
643 2578 734 2620 huic
748 2577 1048 2631 dominofi‘rvies
1064 2572 1088 2600 *
1106 2579 1175 2636 qui
1186 2577 1341 2636 praeftm
1351 2577 1407 2631 ‘'fl'-

210 2640 261 2672 D·
275 2638 314 2670 de
332 2638 423 2671 “¹²⁶0
505 2637 667 2686 XXI.
705 2638 730 2666 *
764 2636 1002 2686 Naturalis
1030 2650 1183 2682 autem
1203 2635 1326 2682 ordo
1345 2636 1462 2681 inter
1480 2633 1629 2682 socios
1645 2636 1718 2682 hic
1734 2635 1795 2684 est
1813 2673 1822 2692 ,
1843 2650 1980 2699 prout
1993 2635 2110 2700 quis-

205 2686 374 2732 sc⁷¹⁶⁶⁵d⁹⁶
443 2703 579 2764 quein
594 2701 857 2751 societatem
876 2700 1014 2746 venit.
1026 2696 1101 2745 Sic
1117 2700 1235 2745 inter
1249 2696 1414 2745 fratres
1431 2699 1466 2744 is
1484 2696 1683 2745 servatur
1701 2699 1820 2746 ordo
1837 2738 1847 2753 ‚
1867 2715 1915 2746 ut
1928 2701 2003 2761 qui
2018 2700 2106 2761 pri·

443 2780 542 2810 nius
557 2777 685 2809 natus
701 2765 762 2812 est
778 2763 977 2824 reliquos
994 2760 1233 2823 pra-cedat,
1252 2775 1389 2822 atque
1401 2762 1462 2806 ita
1476 2761 1878 2822 deinceps,rcie6tis
1896 2763 1991 2809 aliis
2003 2778 2109 2809 om-

444 2827 575 2873 nibns
591 2825 901 2882 qualitatibus·
918 2825 987 2866 'iove
1002 2817 1064 2878 ᾧ,
1080 2825 1224 2885 inquit
1239 2823 1516 2881 Aristoteles,
1533 2820 1644 2868 ‘condo'
1661 2826 1719 2879 ἐφ’
1745 2826 1821 2867 Hm
1849 2826 1933 2879 ταῖς
1945 2823 2105 2869 ἐλαίαις

445 2881 709 2943 :Abbi-01:738&
726 2905 833 2950 pares
849 2893 1050 2946 enim-sunt
1058 2890 1210 2945 fratres
1227 2922 1237 2936 ,
1252 2889 1326 2945 nist
1334 2904 1518 2950 quatenus
1536 2905 1619 2934 atas
1635 2908 1692 2936 eos
1706 2893 1914 2951 distinguit.
1943 2889 2105 2936 Theo-

441 2951 591 2997 doiius
609 2953 654 2995 δι’
671 2951 833 2998 Valens
848 2953 891 2996 in
909 2950 1232 2997 constitutione
1249 2949 1307 2995 de
1325 2949 1484 2995 ordine
1503 2952 1621 2997 inter
1636 2951 1854 3004 Consules
1871 2951 2107 2999 servando:

215 3008 251 3041 l·
276 3011 353 3086 '‘lsj
367 3007 405 3040 de
447 3021 546 3076 {Qis
564 3021 664 3059 enim
700 3021 740 3058 in
758 3034 831 3059 uno
849 3017 1047 3074 eodemque
1076 3031 1207 3072 genere
1223 3016 1424 3073 dignitatis
1435 3021 1539 3074 prior
1554 3019 1616 3075 eff}
1632 3018 1815 3061 debuerat
1837 3055 1849 3071 ‚
1882 3019 1907 3045 *
1950 3017 2023 3075 nist=
2038 3021 2107 3076 qui

214 3052 294 3095 (Μ’
323 3064 383 3091 '¹⁵¹
398 3064 426 3089 ¹'
436 3094 545 3138 prior
561 3083 700 3122 meruit
717 3077 982 3136 dignitatem?
1005 3075 1155 3135 Atque
1185 3074 1259 3121 hic
1275 3092 1379 3122 mos
1408 3076 1646 3138 antiquitus
1667 3079 1711 3124 in
1747 3076 2106 3124 Christianorum

442 3155 621 3200 qnoque
642 3154 799 3202 regum
816 3155 866 3183 ac
885 3138 1158 3195 populorum
1177 3136 1393 3185 societate
1421 3138 1615 3187 obtinuit
1634 3177 1644 3190 .
1662 3155 1709 3186 ut
1725 3143 1796 3204 qui
1817 3143 1947 3203 primi
1966 3138 2107 3186 Chri-

443 3200 708 3246 stianiiinnm
729 3199 914 3261 profeffi
937 3199 1046 3256 sunt,
1060 3200 1141 3246 *in
1156 3202 1358 3249 conciliis
1372 3201 1430 3248 ad
1447 3217 1543 3248 rem
1559 3202 1859 3252 Christianam
1875 3205 2106 3267 pertinen-

447 3263 560 3308 tibus
576 3264 826 3321 praecedant
840 3278 1040 3310 caeteros.

508 3325 557 3373 X
570 3325 707 3374 XII.
743 3326 862 3374 Illud
878 3342 1031 3374 tamen
1040 3323 1302 3375 addendum
1322 3325 1382 3374 est
1392 3346 1408 3388 3
1425 3330 1603 3389 quoties
1632 3327 1822 3379 societas
1841 3325 2107 3375 fundamen-

2003 3402 2104 3434 tum
