2380 3917
799 355 1683 395 PRGLEGOMENA.

396 439 473 474 aut
487 423 683 489 expresse
695 421 1010 484 promiserant,
1026 435 1101 469 aut
1113 436 1171 468 ex
1181 422 1354 486 negotii
1373 435 1532 467 natura
1548 421 1689 471 tacite
1723 419 1976 484 promifiss‘e
1992 422 2074 472 de-

394 485 765 549 bebantintelligi
784 505 801 543 3
819 484 1050 532 secuturos
1085 483 1189 532 seid
1208 485 1335 547 quod
1356 498 1432 531 aut
1448 495 1592 529 coetus
1604 497 1707 530 nats
1726 484 1878 543 major
1895 522 1908 542 ,
1934 500 2014 536 aut
2030 486 2076 534 hi

395 551 555 609 quibus
584 549 734 597 delata
754 547 951 612 potestas
967 563 1069 594 erat
1102 548 1433 596 constituiffenr.
1469 527 1619 608 Qod
1641 561 1756 612 ergo
1787 545 1956 596 dicitur
1984 554 2078 598 no‘n

396 611 833 667 Carneaditantum‚
858 610 931 658 sed
950 614 997 658 δεῖ
1011 612 1122 666 aliis,

673 678 698 704 *
740 678 893 722 Vtilitas
901 678 994 735 justi
1002 691 1112 736 prope
1123 690 1250 721 mater
1269 671 1433 737 &³1un

400 736 429 785 fi
442 752 651 785 accurate
662 737 903 799 loquamur
919 776 933 799 ι,
953 752 1114 785 verum
1142 753 1233 783 non
1252 736 1328 785 cst:
1353 752 1456 784 nam
1473 738 1686 786 naturalis
1710 737 1820 797 iuris
1845 753 1993 788 mater
2012 734 2077 789 est

392 800 483 865 ipsa
499 803 691 848 humana
705 815 871 857 natura,
892 818 984 863 quae
1002 815 1086 846 nos
1106 800 1279 847 etiamli
1298 815 1346 846 re
1359 801 1791 867 nullaindigeremus
1805 800 1863 848 ad
1882 802 2074 851 societa-

395 878 490 911 tem
508 878 713 911 mutuam
735 863 1035 925 appetendam
1045 861 1186 910 ferret
1203 880 1214 911 ι
1233 863 1376 912 civilis
1397 881 1509 912 vero
1539 862 1653 926 juris
1671 879 1816 912 mater
1831 864 1893 912 est
1910 864 2002 930 ipsa
2014 879 2076 914 ex

391 926 605 975 conienfu
624 927 864 990 obligatio,
881 942 976 988 qua?
987 941 1092 972 cum
1111 942 1168 974 ex
1188 928 1377 973 naturali
1395 931 1492 988 jure
1507 931 1601 977 vim
1619 928 1742 976 suam
1759 926 1924 976 habeat
1943 966 1956 985 ‚
1985 943 2075 1002 po-

394 990 478 1038 test
490 1004 645 1039 natura
674 991 805 1049 liujus
833 1005 1017 1052 quoque
1046 991 1156 1049 juris
1176 988 1296 1052 quasi
1328 992 1518 1053 proavia
1546 991 1653 1039 dici.
1667 989 1760 1038 Sed
1779 992 1970 1039 naturali
1985 991 2075 1054 juri

389 1056 562 1102 utilitas
577 1053 779 1100 accedit:
795 1052 942 1101 voluit
959 1054 1078 1099 enim
1095 1067 1259 1100 naturae
1296 1053 1454 1101 auctor
1469 1070 1554 1102 nos
1587 1054 1784 1119 fingulos
1800 1057 1849 1103 &
1867 1053 2074 1103 infirmos

387 1116 486 1174 effe,
506 1119 556 1163 δε
571 1134 614 1163 m
623 1119 821 1163 altarum
840 1131 993 1162 rerum
1011 1113 1070 1161 ad
1085 1116 1229 1164 vitam
1247 1114 1364 1163 fecie
1376 1116 1632 1165 ducendam
1651 1130 1846 1182 egentes,
1862 1132 1957 1181 quo
1973 1133 2074 1165 rna-

385 1182 454 1244 gis
472 1180 530 1227 ad
547 1180 790 1228 colendam
822 1177 1086 1226 societatem
1117 1194 1380 1240 raperemur
1398 1196 1407 1230 :
1428 1181 1515 1239 iuti
1545 1196 1695 1228 autem
1725 1180 1846 1227 civili
1865 1179 2072 1228 occafio·

386 1253 492 1290 nem
507 1242 636 1291 dedit
653 1243 823 1291 utilitas
841 1259 853 1290 :
868 1257 976 1288 nam
994 1240 1068 1288 ilia
1086 1258 1220 1305 quam
1236 1241 1435 1289 diximus
1451 1242 1734 1291 consociatio
1757 1256 1833 1291 aut
1850 1241 2072 1304 subjectio

382 1307 587 1355 utilitatis
602 1307 786 1366 alicujus
800 1305 931 1353 causa
946 1305 1086 1366 coepit
1119 1303 1299 1352 institui.
1317 1304 1499 1353 Deinde
1516 1307 1566 1353 δέ
1582 1305 1657 1369 qui
1669 1307 1768 1366 jura
1784 1306 2071 1370 praescribunt

382 1371 500 1426 aliis,
519 1371 565 1416 in
579 1385 640 1417 eo
653 1367 1105 1430 utilitatemaliquam
1132 1366 1327 1430 spectare
1345 1368 1489 1417 solent
1507 1405 1519 1425 ,
1541 1385 1619 1418 aut
1632 1368 1816 1416 debent.
1851 1367 1946 1417 Sed
1958 1367 2071 1418 ficut

383 1431 599 1495 cujusque
613 1432 811 1480 civitatis
827 1433 925 1490 jura
942 1430 1187 1478 utilitatem
1201 1429 1281 1479 suae
1297 1431 1494 1479 civitatis
1506 1430 1745 1496 respiciunt
1768 1469 1780 1488 ‚
1800 1432 1860 1479 ita
1873 1433 1993 1480 inter
2004 1432 2071 1480 ci-

388 1497 551 1543 vitates
567 1510 642 1542 aut
658 1509 819 1544 omnes
832 1507 907 1541 aut
923 1492 1158 1557 plerasque
1192 1509 1250 1541 ex
1265 1493 1480 1542 consensu
1496 1496 1598 1555 jura
1612 1495 1816 1557 quasdam
1848 1495 1976 1544 nasci*
2017 1511 2070 1543 o-

384 1573 585 1615 tuerunt,
605 1560 654 1605 &
671 1573 778 1606 nata
790 1570 988 1622 apparet,
1005 1573 1103 1620 qua:
1116 1557 1356 1604 utilitatem
1375 1557 1644 1621 respicerent
1665 1572 1976 1614 noncoetuurn
2017 1575 2068 1605 n-

382 1622 617 1684 gulorum,
638 1619 713 1668 sed
730 1637 804 1668 ma
839 1637 902 1668 nae
916 1619 1032 1667 illius
1043 1619 1355 1667 univerfitatis.
1371 1619 1429 1667 Et
1441 1621 1531 1669 hoc
1543 1622 1616 1681 jus
1631 1620 1692 1668 est
1723 1620 1849 1684 quod
1857 1621 2069 1686 gentium

382 1684 567 1741 dicitur,
587 1684 767 1747 queties
784 1636 837 1730 i}
849 1697 1018 1735 nomen
1030 1686 1056 1729 a
1068 1684 1167 1742 jure
1183 1683 1371 1731 naturali
1383 1683 1711 1749 distinguimus.
1739 1700 1876 1747 quam
1888 1698 2067 1747 partem

383 1749 493 1809 juris
506 1747 655 1794 omisit
670 1745 933 1793 Carneades
951 1784 964 1803 ‚
993 1747 1066 1806 jus
1096 1761 1234 1792 omne
1264 1747 1307 1792 in
1327 1746 1525 1794 naturale
1557 1748 1605 1794 &
1621 1745 1755 1794 civile
1789 1745 2067 1813 singulorum

382 1810 661 1876 populorum
676 1808 942 1856 distribuens
959 1844 969 1860 ‚
988 1824 1094 1856 cum
1111 1822 1262 1856 tamen
1283 1809 1342 1855 de
1369 1825 1427 1856 eo
1438 1810 1540 1869 jure
1558 1810 1686 1870 quod
1712 1811 1832 1857 inter
1864 1809 2067 1875 populos

369 1873 584 1922 -versat‘ur
599 1872 800 1930 aeturus(
818 1871 1138 1931 subjecitenim
1153 1873 1411 1919 orationem
1429 1872 1489 1918 de
1507 1872 1636 1919 bellis
1667 1873 1716 1919 δε
1735 1872 1860 1920 bello
1888 1875 2030 1938 partis
2049 1875 2067 1934 )

383 1938 517 1999 hujus
530 1938 643 1997 jutis
654 1938 932 1982 mentionem
947 1932 1098 1981 facere
1118 1937 1309 1981 omnino
1325 1933 1557 1983 debuisset.
1583 1935 1710 1982 Male
1726 1950 1878 1985 autem
1909 1940 1936 1986 a
1950 1935 2068 1986 Car-

382 1999 529 2051 neade
558 1997 750 2046 stultitiae
782 1999 969 2045 nomine
990 1997 1152 2058 justitia
1176 1997 1441 2045 traducitur.
1474 1997 1605 2045 Nam
1639 1997 1747 2046 ficut
1771 1997 1869 2061 ipso
1892 1999 2067 2048 fatente

381 2063 539 2113 stultus
554 2077 645 2109 non
659 2060 721 2109 est
735 2061 861 2116 civis,
880 2061 952 2120 qui
969 2061 1014 2107 in
1031 2060 1214 2107 civitate
1225 2062 1292 2118 jus
1304 2061 1438 2107 civile
1458 2060 1656 2122 sequitur
1669 2098 1680 2116 ,
1699 2061 1869 2110 etiamst
1886 2062 1951 2110 ob
1964 2064 2066 2122 ejus

377 2128 495 2190 juris
505 2124 804 2173 reverentiam
821 2121 1026 2185 quaedam
1045 2122 1123 2170 fibi
1145 2124 1269 2170 utilia
1289 2125 1505 2171 omittere
1518 2123 1682 2170 debeat
1701 2143 1716 2181 3
1731 2125 1795 2171 ita
1811 2139 1894 2172 nec
1908 2123 2064 2175 stultus

378 2188 443 2237 est
460 2187 655 2253 populus
674 2224 686 2244 ,
714 2188 790 2250 qui
808 2201 898 2234 non
912 2187 1023 2234 tanti
1037 2185 1146 2234 facit
1162 2185 1259 2233 suas
1276 2187 1493 2234 utilitates
1524 2202 1574 2233 nt
1590 2200 1836 2251 propterea
1850 2203 2062 2236 commu-

378 2253 454 2302 nia
475 2250 751 2315 populorum
768 2251 866 2308 jura
883 2249 1082 2313 negiigat
1110 2264 1121 2296 :
1157 2264 1238 2312 par
1262 2250 1382 2296 enim
1400 2251 1445 2295 in
1478 2264 1679 2311 utroque
1711 2248 1772 2296 est
1791 2251 1927 2299 ratio:
1953 2267 2060 2300 nam

380 2322 410 2356 ’τ
426 2313 535 2363 ficut
545 2315 657 2363 civis
674 2313 749 2375 qui
762 2314 830 2373 jus
846 2312 978 2372 civile
994 2313 1247 2373 perrumpit
1259 2311 1466 2359 utilitatis
1481 2310 1703 2375 praesentis
1715 2310 1863 2368 causa,
1883 2312 1930 2360 id
1941 2329 2054 2362 con-

377 2378 510 2427 vellit
522 2393 618 2440 quo
631 2376 763 2439 {plius
779 2373 1137 2438 posteritatisque
1165 2374 1244 2422 suae
1262 2389 1483 2436 perpetuae
1501 2375 1720 2421 utilitates
1735 2377 2054 2435 continentur3

379 2442 439 2489 fic
453 2442 504 2488 δέ
519 2440 711 2504 populus
725 2437 824 2498 jura
840 2452 1003 2485 naturae
1017 2439 1315 2501 gentiumque
1334 2438 1507 2484 violans
1538 2436 1616 2486 suae
1643 2452 1831 2508 quoque
1844 2438 2055 2503 tranquil-

376 2503 573 2552 litatisin
586 2499 815 2566 posterum
835 2498 1044 2549 rescindit
1073 2502 1369 2548 munimenta.
1405 2500 1532 2547 Tum
1559 2515 1675 2547 vero
1711 2500 1881 2548 etiamst
1900 2518 1958 2550 ex
1982 2505 2055 2564 ju-

374 2569 436 2615 ris
454 2564 771 2614 observatione
799 2562 919 2610 nulla
954 2562 1224 2625 spectaretur
1256 2564 1427 2611 utilitas
1451 2601 1462 2620 ,
1480 2561 1697 2622 sapientiae
1721 2600 1732 2618 ‚
1752 2578 1843 2610 non
1866 2564 2053 2614 stultitiae

375 2629 484 2677 esset
499 2645 558 2676 eo
573 2627 701 2678 ferri,
715 2626 777 2674 ad.
791 2625 920 2690 quod
930 2628 958 2674 a
973 2640 1134 2674 natura
1149 2626 1298 2675 nostra
1312 2642 1397 2673 nos
1413 2625 1516 2673 duci
1532 2625 1761 2674 sentimus.
1795 2628 1949 2692 Qare
1963 2644 2048 2678 nec

380 2691 496 2741 iuud
514 2729 526 2751 ,

644 2763 738 2799 Iura
750 2757 915 2799 inventa
928 2768 1033 2799 metu
1048 2755 1179 2812 injulli
1185 2762 1343 2817 fateare
1358 2758 1490 2814 ncceffi’
1508 2755 1558 2812 est
1572 2776 1585 2800 .-

389 2816 518 2882 quod
536 2815 656 2879 apud.
672 2814 910 2863 Platonem
925 2814 1110 2876 quidam
1127 2817 1188 2861 ita
1204 2813 1415 2878 explicat,
1435 2829 1560 2862 metu
1588 2815 1854 2880 accipiendae
1881 2813 2050 2875 injuriae

388 2894 590 2945 repertae
606 2879 729 2942 leges
747 2915 759 2933 ,
776 2893 829 2924 ac
849 2877 1101 2939 viquadam
1116 2877 1323 2925 homines
1341 2876 1400 2924 ad
1415 2876 1628 2937 justitiam
1655 2879 1891 2926 colendam
1908 2877 2046 2941 adigi,

387 2940 692 2991 universaliter
709 2955 870 2987 verum
886 2941 972 2987 est.
989 2939 1038 2985 id
1053 2941 1171 2987 enim
1202 2939 1259 2986 ad
1290 2956 1346 2987 ea
1376 2939 1616 2988 dumtaxat
1641 2941 1832 2989 instituta
1859 2957 1911 2990 ac
1924 2941 2048 3005 leges

384 3007 585 3071 pertinet
606 3043 616 3061 ‚
633 3019 727 3066 quae
744 3001 801 3050 ad
819 3001 1073 3051 faciliorem
1103 3004 1210 3061 juris
1239 3000 1571 3050 exsecutionem
1587 3019 1763 3066 reperta
1782 3003 1904 3063 sunt;
1934 3003 2045 3053 ficut

387 3068 520 3118 multi
540 3082 619 3126 per
634 3069 677 3114 se
695 3066 858 3112 infirmi
876 3104 886 3123 ‚
900 3081 956 3111 ne
970 3071 997 3114 a
1011 3064 1305 3112 validioribus
1320 3065 1684 3128 opprimerentur
1699 3105 1711 3124 ,
1740 3062 2046 3128 conspirarunt

388 3132 447 3179 ad
465 3128 729 3178 instituenda
742 3143 794 3175 ac
808 3127 1125 3176 communibus
1142 3127 1306 3175 viribus
1327 3127 1493 3175 tuenda
1504 3128 1673 3188 judicia
1691 3166 1703 3186 ,
1721 3144 1771 3176 ut
1784 3129 1943 3191 quibus
1960 3128 2040 3175 sm·

391 3195 484 3259 guli
501 3210 628 3257 pates
644 3208 737 3240 non
749 3205 875 3239 erant
892 3229 904 3248 ,
919 3191 989 3240 his
999 3191 1185 3238 univcrli
1203 3190 1504 3254 praevalerent.
1537 3191 1595 3238 Et
1619 3191 1707 3238 hoc
1720 3191 1905 3239 demum
1921 3189 2042 3238 sensu

389 3257 644 3305 commode
663 3256 802 3316 accipi
820 3253 967 3317 potest
995 3254 1122 3314 quod
1137 3253 1302 3300 dicitur
1321 3254 1389 3312 jus
1419 3252 1503 3300 esse
1528 3253 1575 3300 id
1591 3255 1716 3318 quod
1735 3253 1939 3302 validiori
1950 3255 2042 3315 pla·

388 3322 483 3366 cuit
511 3335 578 3370 ‚ut
595 3317 990 3380 intelligamusflne
1005 3315 1088 3364 suo
1106 3331 1295 3364 externo
1307 3331 1458 3364 carcre
1485 3317 1552 3376 jus
1571 3317 1644 3364 nifi
1676 3319 1797 3365 vires
1823 3316 2042 3365 ministras

386 3382 550 3432 habeat
568 3399 580 3433 ;
595 3381 704 3433 sicut
721 3381 867 3431 Solon
881 3396 954 3431 res
966 3379 1170 3429 confecit
1188 3379 1421 3432 maximas,
1438 3394 1487 3430 ut
1503 3379 1592 3446 ipse
1600 3380 1867 3447 praedicabat
1885 3396 1900 3433 :
1958 3444 1968 3455 ι
2011 3442 2034 3455 ..

1953 3459 2029 3500 ομδ
