2380 3917
339 322 416 362 374
756 310 1619 348 nsslvnrsnzttx

340 379 569 428 fastorum
582 369 803 425 defensio,
820 388 960 433 quarn
979 373 1100 433 apud
1122 371 1416 419 Plutarchum
1435 371 1588 436 legere
1603 372 1664 419 est
1696 371 1755 418 de
1769 370 1863 418 sera
1876 370 2028 418 numi-.-

342 446 410 491 nis
428 437 638 488 vindich.
658 434 795 484 Aliud
815 438 939 481 enim
960 434 1020 480 est
1039 435 1107 494 jus
1127 437 1237 491 Dei,
1258 433 1380 482 aliud
1396 435 1637 481 hominum
1656 472 1668 491 ,
1700 449 1749 481 ut
1767 449 1881 480 mox
1900 448 2027 496 apen.

343 509 432 555 tius
447 505 538 551 fiet.
575 499 745 561 Neque
774 497 803 544 si
829 513 1004 560 aequum
1023 498 1083 545 est
1105 499 1308 561 posteros
1333 497 1534 543 honores
1567 500 1614 545 δε
1630 498 1812 561 praernia
1827 497 2033 559 accipere

347 570 414 615 ob
450 566 613 612 merita
631 565 862 621 majorum
884 599 894 616 ,
916 561 1023 607 ideo
1042 562 1089 607 δι’
1107 562 1252 624 puniri
1266 575 1346 606 eos
1363 558 1425 605 ob
1444 574 1607 606 eorum
1643 574 1829 623 peccata
1854 573 2034 621 aequum

349 632 429 678 est.
442 627 652 676 Beneficii
668 626 789 671 enim
803 623 906 670 talis
922 624 981 670 est
997 626 1186 673 materia
1205 662 1217 680 ,
1236 624 1349 670 utin
1368 624 1573 684 quemvis
1590 620 1792 670 conferri
1810 620 1898 669 fine
1914 621 2034 681 inju-

350 696 416 742 ria
460 691 566 738 offit
587 705 751 752 gpoenae
763 703 854 732 non
871 688 1000 732 item.

421 710 527 801 fX.
563 754 777 801 Diximus
793 749 1022 796 demodis
1056 764 1137 812 per
1151 764 1266 810 quos
1284 751 1591 798 communitas
1620 763 1758 812 poenae
1784 745 1951 794 accidit
1977 760 2036 794 ex

359 819 493 881 culp-:r
513 815 857 863 communitate.
891 811 1047 859 Restat
1066 812 1323 875 spedtemus‚
1340 829 1393 858 an
1407 813 1454 861 &
1471 813 1600 874 culpa
1617 826 1710 857 non
1726 811 2040 856 communica-r

361 896 409 928 ta
423 879 785 927 communicetur
805 892 953 938 poena.
988 892 1080 938 quae
1108 891 1178 931 res
1209 889 1258 921 ut
1284 875 1402 921 reete
1419 875 1710 940 intelligatur,
1734 873 1781 918 δι
1800 888 1858 919 ne
1876 888 1969 933 quae
1988 886 2039 918 re

359 943 457 1004 ipsa
481 940 655 989 diversa
672 940 769 986 sunt
788 938 851 986 ob
871 955 1039 986 vocum
1058 937 1392 994 similitudinem
1408 937 1741 986 confundantur
1760 973 1772 992 ‚
1807 933 2040 982 monenda

363 1006 460 1055 sunt
472 1005 691 1068 quae-dam.

431 1068 498 1114 X.
535 1068 736 1114 Primum
757 1105 768 1121 ,
787 1065 908 1112 aliud
938 1066 1024 1113 esse
1058 1065 1273 1112 damnum
1289 1064 1461 1114 directe
1487 1062 1647 1113 datum
1664 1100 1676 1118 ‚
1713 1060 1834 1109 aliud
1853 1057 1981 1123 quod
1997 1058 2042 1104 in

366 1130 735 1194 consequentiam
751 1131 891 1177 venit.
913 1128 1098 1176 Directe
1115 1128 1272 1175 datum
1289 1145 1410 1176 voco
1429 1144 1520 1190 quo
1535 1127 1743 1188 cuiquam
1761 1123 1963 1173 aufertur
1981 1120 2045 1167 ad.

369 1193 497 1256 quod
524 1194 596 1253 jus
614 1193 850 1255 proprium
872 1191 1025 1238 habet.
1056 1192 1141 1238 Per
1167 1190 1530 1254 consequentiam
1555 1227 1566 1245 ,
1596 1204 1689 1251 quo
1708 1188 1757 1234 fit
1773 1201 1822 1234 ut
1842 1186 1939 1250 quis
1950 1199 2044 1229 non

368 1256 534 1304 habeat
553 1254 679 1317 quod
694 1254 927 1301 habiturus
945 1255 1110 1316 alioqui
1126 1252 1269 1300 fuisset
1283 1292 1293 1305 ‚
1312 1254 1499 1301 cessante
1517 1251 1680 1299 scilicet
1707 1248 1972 1299 conditione
1991 1246 2046 1293 fi-

140 1334 352 1372 LFlumina,
373 1335 429 1365 ne
449 1336 537 1382 qua
554 1322 620 1380 jus
633 1333 724 1363 non
743 1317 950 1363 habebat.
983 1317 1252 1381 Exemplum
1271 1317 1331 1364 est
1361 1317 1475 1379 apud
1495 1315 1735 1377 leianum
1755 1330 1766 1364 :
1796 1311 1843 1360 Si
1873 1314 1918 1358 in
1936 1324 2046 1356 meo

148 1391 172 1416 ‘-
186 1384 233 1415 Ἀἵ
251 1381 302 1444 3⁶²
373 1398 562 1446 puteum
583 1381 732 1442 aperui
752 1396 845 1442 quo
867 1380 1036 1427 factum
1054 1380 1113 1426 est
1131 1394 1180 1425 ut
1195 1395 1314 1426 venae
1331 1380 1385 1426 ad
1400 1396 1445 1427 te
1461 1392 1738 1442 perventurae
1752 1372 2050 1440 praecideren-

171 1441 226 1464 ’Μ’
245 1426 308 1470 ‘'‘s'
378 1461 452 1491 tur
471 1462 481 1493 :
500 1459 633 1506 negat
652 1445 802 1504 operis
816 1447 905 1491 mei
925 1445 1037 1490 vitio
1058 1443 1272 1488 damnum
1285 1443 1438 1489 datum
1458 1445 1501 1489 in
1517 1456 1570 1491 ea
1587 1454 1633 1486 re
1652 1441 1696 1486 in
1713 1455 1798 1503 qua
1815 1440 1914 1500 jure
1940 1450 2050 1482 meo

139 1514 178 1547 L.
199 1511 342 1547 Pr0culus
380 1507 477 1554 usus
497 1506 605 1553 sum.
621 1505 678 1551 Et
700 1506 821 1561 alibi⁷
839 1507 1032 1552 multum
1054 1507 1114 1552 ait
1127 1506 1329 1551 interesse
1347 1543 1358 1560 ,
1376 1522 1527 1552 utrum
1546 1504 1762 1550 damnum
1781 1502 1877 1564 quis
1895 1498 2051 1558 faciat,

135 1560 294 1640 {prem
317 1606 346 1638 D
382 1588 436 1618 an
451 1570 579 1618 lucro
596 1566 722 1631 quod
741 1568 886 1615 adhuc
905 1567 1100 1615 faciebat
1119 1569 1184 1615 uti
1214 1568 1519 1630 prohibeatur.
1549 1566 1608 1613 Et
1639 1565 1804 1613 Paulus
1829 1559 2053 1610 Iuriscon-

143 1634 186 1689 αξξ
196 1630 334 1687 LAEal'c.
351 1628 362 1638 ’
386 1632 536 1687 fultus,
551 1634 801 1693 preposterum
820 1637 883 1692 effi
901 1633 981 1687 ait,
1001 1647 1093 1678 ante
1117 1649 1180 1675 nos
1197 1633 1385 1692 locupletes
1412 1637 1486 1677 dici
1501 1648 1618 1693 quam
1646 1648 1689 1674 ac
1716 1630 1941 1690 uifierimus.
1977 1621 2054 1670 Sic

381 1709 621 1758 parentum
638 1692 771 1743 bonis
783 1693 1030 1740 confiscatis
1048 1693 1236 1739 sentiunt
1249 1693 1432 1754 quidem
1447 1694 1680 1740 incommo
1719 1708 1794 1737 um
1810 1688 1958 1743 liberi,
1977 1682 2053 1733 sed

383 1759 567 1821 proprie
585 1771 637 1801 ea
654 1772 785 1818 poena
802 1772 895 1802 non
913 1756 974 1804 est
988 1795 998 1810 ,
1020 1757 1125 1817 quia
1140 1754 1263 1801 bona
1278 1755 1352 1801 illa
1366 1756 1545 1802 illorum
1566 1753 1712 1800 futura
1729 1768 1819 1799 non
1837 1766 1962 1797 erant
1978 1746 2056 1796 nist

146 1827 188 1863 L·
203 1827 298 1880 Eum·
317 1826 362 1878 D·
385 1825 411 1868 a
428 1818 688 1872 parentibus
704 1818 760 1864 ad
779 1820 995 1866 ultimum
1013 1818 1213 1881 spiritum
1232 1817 1365 1864 efflent
1402 1816 1674 1865 conservata.
1705 1814 1847 1879 Qod
1866 1812 1986 1859 recte
1999 1809 2059 1857 ab

148 1870 362 1955 ξ’ζζῖω·
390 1882 598 1945 Alpheno
616 1894 825 1928 notatum
843 1881 904 1928 est
930 1920 942 1938 ,
959 1897 1064 1927 cum
1082 1883 1141 1941 ait
1164 1882 1299 1942 patris
1316 1897 1447 1943 poena
1456 1881 1664 1926 amittere
1681 1880 1852 1925 liberos
1867 1875 1916 1922 id
1929 1871 2059 1938 quod

270 1931 306 1966 g.
391 1945 448 1992 ab
465 1943 561 2006 ipso
581 1958 902 2006 perventurum
918 1943 1024 1991 ess'et
1044 1943 1100 1989 ad
1114 1958 1221 1989 eos:
1254 1959 1349 2005 quae
1371 1959 1481 1989 vero
1506 1957 1598 1989 non
1621 1945 1646 1986 a
1663 1957 1792 2004 patre
1813 1978 1823 1995 ,
1842 1938 1916 1985 sed
1932 1943 1959 1985 a
1986 1951 2059 1982 re-

151 2020 191 2055 L.
210 2027 266 2059 11,
285 2020 342 2063 Ερ.
391 2024 490 2055 rum
511 2022 679 2059 natura,
697 2022 773 2054 aut
786 2007 963 2054 aliunde
981 2005 1303 2061 tribuerentur,
1321 2021 1374 2051 ea
1393 2020 1572 2052 manere
1584 2004 1824 2051 incolumia
1841 2000 1917 2049 Sic
1932 1999 2063 2046 The-

154 2074 212 2102 Π»
231 2068 270 2098 <7
292 2073 346 2108 ¹9·
391 2070 606 2117 mistoclis
623 2067 791 2117 liberos
815 2069 978 2129 eguifl'e
1004 2068 1154 2114 scribit
1172 2066 1345 2114 Cicero
1366 2082 1472 2124 ‚nec
1489 2069 1689 2129 iniquum
1708 2080 1834 2129 putat
1853 2103 1864 2121 ,
1893 2064 1941 2110 ut
1956 2078 2061 2109 ean-

153 2151 193 2183 L.
208 2151 285 2182 cum
301 2160 360 2180 m-
389 2132 495 2183 dein
512 2131 819 2179 calamitatem
836 2132 982 2179 ferant
998 2131 1126 2178 liberi
1155 2129 1333 2192 Lepidi.
1366 2129 1508 2193 quue
1561 2130 1624 2176 ait
1650 2131 1878 2192 antiquum
1907 2124 1992 2171 effe
2012 2124 2063 2170 &

153 2198 267 2270 {320-
281 2196 321 2228 df
393 2197 598 2242 omnium
616 2195 872 2241 civitatum:
890 2195 959 2240 cui
979 2208 1131 2240 tamen
1147 2194 1267 2239 mori
1286 2193 1407 2258 leges
1427 2193 1696 2255 posteriores
1715 2190 1932 2238 Romanae
1947 2186 2073 2240 mu1-„

157 2255 234 2280 ‘w
245 2243 357 2280 damn.
393 2274 491 2305 tum
505 2274 597 2304 tem
634 2259 852 2304 eramcnti
892 2256 1165 2316 adjecerunt.
1201 2253 1276 2302 Sic
1293 2273 1396 2302 cum
1415 2272 1472 2302 ex
1508 2253 1672 2304 delicto
1690 2255 1878 2315 majoris
1909 2250 2061 2313 partis,

397 2337 491 2385 quae
509 2334 559 2366 ut
579 2335 603 2365 a
623 2319 682 2365 ibi
703 2319 900 2366 diximus
934 2319 1170 2381 personam
1199 2319 1489 2365 universitatis
1504 2317 1674 2364 sustinet
1690 2354 1702 2371 ‚
1737 2315 1995 2367 universitas
2020 2314 2069 2369 in
2093 2358 2095 2361 .

395 2383 529 2445 culpa
556 2382 617 2428 est
638 2420 648 2437 ,
671 2397 818 2443 eoque
852 2383 1035 2427 nomine
1063 2382 1227 2429 amittit
1243 2396 1294 2427 ea
1309 2398 1401 2443 quae
1418 2381 1613 2428 diximus
1633 2417 1643 2434 ,
1666 2378 1922 2427 libertatem
1952 2376 2068 2422 civi-

398 2446 488 2491 lem
508 2465 523 2503 3
548 2459 705 2491 muros
726 2482 737 2499 ,
757 2446 804 2490 δε
822 2445 906 2490 alia
930 2445 1206 2500 commoda,
1228 2442 1417 2490 sentiimt
1448 2442 1668 2490 damnum
1698 2443 1747 2487 &
1763 2440 1914 2504 finguli
1932 2440 2068 2484 inno-

399 2522 586 2566 centesg,
617 2506 693 2553 sed
722 2520 775 2553 ea
798 2508 842 2553 in
874 2521 924 2553 re
941 2523 1034 2570 quae
1068 2507 1126 2554 ad
1153 2506 1271 2570 ipsos
1299 2523 1389 2553 non
1399 2504 1648 2569 pertinebat
1667 2505 1742 2551 nifi
1761 2520 1842 2567 pet
1853 2499 2068 2551 universi.

400 2584 564 2618 tatem.

469 2630 519 2677 X
536 2631 571 2676 1.
607 2630 823 2679 Praeterea
841 2631 1087 2678 notandum
1109 2670 1118 2686 ‚
1140 2632 1365 2680 interdum
1394 2632 1569 2694 imponi
1606 2629 1737 2677 alicui
1756 2627 1925 2691 aliquid
1943 2624 2068 2682 mali,

405 2709 481 2740 aut
499 2693 611 2740 boni
627 2695 794 2756 aliquid
807 2694 987 2747 auferri,
1011 2694 1246 2742 occafioue
1264 2695 1448 2757 quidem
1464 2695 1649 2756 alicujus
1666 2694 1839 2757 peccati
1860 2730 1871 2748 ,
1886 2689 1962 2737 sed
1977 2704 2068 2735 non

407 2758 470 2803 ita
484 2771 533 2802 ut
552 2756 597 2802 id
616 2772 846 2819 peccatum
865 2758 991 2804 causa
1010 2757 1061 2804 fit
1077 2758 1287 2820 proxima
1302 2761 1397 2818 ejus
1424 2757 1610 2807 astionis
1627 2755 1754 2817 quod
1773 2757 1843 2816 jus
1864 2751 2006 2816 ipsum
2021 2767 2071 2797 a-

409 2819 544 2882 gendi
566 2821 739 2870 attinet.
757 2818 831 2866 Sic
849 2821 920 2882 qui
940 2820 1175 2868 occatione
1195 2822 1324 2867 alieni
1340 2820 1486 2866 debiti
1505 2819 1673 2881 aliquid
1683 2816 1887 2880 promisit
1899 2814 2073 2861 malum

411 2883 592 2944 patitur,
608 2896 662 2928 ex
678 2885 818 2929 veteri
830 2882 973 2929 verbo
995 2923 1003 2938 ‚
1037 2881 1150 2935 ὲγζόκ.
1170 2883 1283 2939 mi&
1300 2885 1349 2935 Α]
1363 2880 1457 2927 αἴτει.
1478 2885 1616 2943 sponde
1631 2918 1642 2936 ,
1658 2900 1759 2928 noxa
1775 2881 1898 2942 praesto
1914 2881 1961 2936 est
1982 2900 1994 2922 .·
2024 2890 2074 2922 at

409 2946 620 3005 proxima
636 2944 763 2991 causa
780 2945 1070 3006 obligationis
1093 2947 1154 2992 est
1168 2944 1258 3008 ipsa
1274 2944 1531 3008 promissio.
1565 2941 1692 2989 Nam
1708 2958 1757 2989 ut
1775 2942 1848 3004 qui
1898 2955 1950 2986 ro
1972 2953 2078 2995 ein-s

410 3021 514 3052 tore
533 3006 758 3065 fidejuffit,
777 3024 865 3053 non
882 3007 1063 3069 proprie
1079 3024 1135 3054 ex
1153 3022 1281 3053 emto
1297 3022 1476 3053 tenetur
1498 3043 1508 3061 ‚
1528 3003 1602 3051 sed
1619 3023 1675 3053 cx
1687 2956 1923 3067 promisso:
1947 3004 2008 3047 ita
2022 3002 2074 3046 δε

413 3071 487 3129 qui
507 3072 590 3129 'pro
605 3069 917 3129 delinquente,
946 3086 1035 3115 non
1062 3086 1119 3116 ex
1147 3069 1338 3125 delieto,
1375 3067 1451 3115 sed
1469 3085 1525 3114 ex
1545 3067 1619 3114 sua
1637 3066 1888 3128 sponsione.
1923 3063 2074 3125 Atque

409 3129 509 3175 hinc
526 3130 572 3175 fit
589 3131 713 3191 quod
733 3132 899 3177 malum
932 3132 993 3177 illi
1014 3131 1251 3178 ferendum
1270 3131 1521 3179 mensuram
1538 3131 1709 3193 accepit
1725 3145 1815 3174 non
1833 3144 1890 3174 ex
1905 3125 2075 3171 delic'to

412 3191 607 3258 alterius,
628 3191 701 3237 sed
720 3208 774 3238 ex
791 3193 1009 3253 potestate
1025 3211 1160 3256 quam
1174 3193 1264 3254 ipse
1280 3195 1323 3239 in
1339 3193 1652 3255 promittendo
1669 3191 1843 3239 habuit.
1861 3188 1950 3236 Cui
1961 3203 2075 3234 con-

413 3258 594 3311 loquens
611 3254 668 3298 cst
690 3268 740 3298 ut
758 3270 814 3299 ex
835 3255 1049 3301 sententia
1073 3273 1228 3318 ‚quam
1248 3257 1473 3303 veriorem
1488 3255 1714 3301 credimus
1734 3292 1745 3309 ,
1760 3251 1908 3299 occidi
1937 3263 2080 3298 nemo-

413 3313 552 3380 poffit
568 3330 624 3361 ex
643 3315 940 3375 fidejussione,
961 3319 1062 3383 quia
1078 3318 1307 3369 statuimus
1323 3319 1549 3366 neminem
1565 3318 1634 3378 jus
1651 3316 1741 3366 tale
1763 3313 1933 3366 habere
1948 3313 1992 3359 in
2010 3311 2075 3364 vif

1961 3387 2074 3431 tam,
