2475 3854
700 267 1696 316 ACPACIS,LIB.111.
1947 286 2028 325 499

349 351 471 407 *esoce
495 336 755 402 postliminii
779 337 1023 398 rejicienda
1053 337 1199 385 Servii
1233 338 1448 385 sententia
1466 341 1542 402 qui
1557 352 1732 402 partem
1749 336 1844 399 ejus
1863 340 2016 403 poste-

342 413 516 448 norem
545 393 892 464 produffionem
919 413 1046 462 putat
1071 400 1157 448 effe
1189 397 1314 447 verbi
1346 400 1436 446 fine
1452 402 1730 466 fignificatu:
1761 401 2011 465 sequendus

341 459 547 511 Scaevola
576 466 651 526 qui
681 462 883 524 junCtum
920 461 1119 513 docebat
1137 463 1221 518 effe
1246 463 1435 510 verbum
1456 467 1482 510 a
1499 469 1523 496 *
1544 461 1789 528 post-quod
1806 466 2005 513 reditum

340 539 475 573 notat
489 528 539 573 &
565 526 739 576 limine.
771 525 896 573 Nam
914 514 1049 572 iimen
1063 520 1253 573 &limes
1270 526 1393 572 exitu
1411 527 1460 571 &t
1482 526 1688 575 flexionis
1702 526 1851 573 modo
1878 528 2006 576 diffe-
2022 533 2206 614 gagga-

2092 592 2102 611 Ῑ
2158 596 2210 615 em

339 601 459 643 runt,
474 604 579 636 cum
596 590 764 652 alioqui
777 591 951 653 origine
971 590 1173 648 (veniunt
1190 590 1308 634 enim
1324 591 1347 618 *
1367 585 1424 634 ab
1438 592 1621 652 antiqua
1638 604 1755 638 voce
1773 589 2002 654 limofluae
2019 627 2042 658 Β
2095 629 2100 633 .

338 649 635 700 transversum
652 652 881 716 fignificat)
899 653 947 698 δέ
965 652 1194 714 primitiva
1210 652 1398 697 notione
1414 650 1536 700 idem
1553 653 1637 700 fint
1652 690 1664 709 ,
1688 653 1800 699 ficut
1811 658 2001 703 materia
2044 634 2150 664 oenus.

337 713 389 760 &
401 716 627 772 materies,
647 731 786 777 pavus
805 714 854 760 δί
867 730 988 777 pavo
1007 752 1018 770 ‚
1041 716 1066 745 *
1085 715 1305 777 contagio
1321 714 1369 758 δε
1386 728 1622 779 contages‚
1641 716 1840 762 cucumis
1855 719 1904 764 δι’
1917 734 1999 765 cu..

337 790 509 827 eumer,
528 793 782 839 quanquam
802 776 878 824 usu
895 775 1065 823 seriore
1081 775 1249 823 fastum
1262 774 1322 822 est
1345 790 1394 821 ut
1411 777 1549 824 limen
1566 779 1709 840 magis
1726 775 1783 822 ad
1800 779 1993 839 privata,

335 837 467 886 limes
477 839 535 886 ad
552 839 729 901 publica
746 839 1009 887 referretur.
1044 837 1119 886 Sic
1134 853 1310 885 veteres
1322 838 1550 886 eliminare
1559 839 1770 888 dicebant
1788 842 1815 886 ὲ
1834 840 1995 891 finibus

335 903 515 964 ejicere,
536 903 798 949 &exsilium
813 906 839 934 *
853 900 1143 949 nominabant
1159 901 1423 947 eliminium.

400 962 424 1010 I
440 964 475 1013 I.
510 962 582 1011 Est
597 981 713 1030 ergo
742 965 1062 1028 postliminium
1088 965 1161 1025 jus
1188 962 1313 1026 quod
1343 963 1534 1009 nascitur
1567 958 1595 989 '¹‘
1622 978 1687 1011 >ex
1701 965 1851 1014 reditu
1865 968 1910 1014 in
1936 967 1989 1014 li·
2007 979 2195 1027 melimfae

332 1041 441 1073 men
457 1062 468 1078 ,
480 1026 528 1074 id
542 1027 602 1074 est
617 1018 726 1075 fines
740 1026 962 1090 publicos.
997 1025 1073 1074 Sic
1090 1026 1370 1085 Pomponius
1383 1024 1609 1073 reversum
1623 1027 1900 1089 postliminio
1921 1033 1984 1077 ait
2000 1029 2223 1118 ZJ‘QJ‘D‘

334 1090 414 1153 qui
428 1091 543 1137 intra
558 1090 753 1151 praefidia
766 1090 913 1137 nostra
931 1089 1015 1136 effe
1028 1090 1165 1151 coepit
1181 1106 1193 1138 ;
1212 1087 1375 1135 Paulus
1397 1104 1501 1136 cum
1528 1088 1573 1134 in
1589 1088 1698 1136 fines
1725 1092 1900 1138 nostros
1915 1094 1983 1139 iu-
2000 1118 2192 1163 Lpoftlz'mi-

331 1153 536 1201 traverit.
572 1149 666 1200 Sed
678 1168 735 1199 ex
753 1154 945 1217 paritate
973 1153 1158 1199 rationis
1169 1148 1402 1198 consensus
1419 1150 1621 1215 gentium
1638 1166 1736 1198 rem
1753 1159 1809 1201 eo
1820 1155 1983 1217 perdu-
1998 1163 2221 1212 mummpast-

330 1218 416 1272 xit,
429 1229 481 1262 ut
495 1215 817 1278 postliminium
833 1216 987 1262 locum
1006 1215 1207 1269 haberet,
1227 1214 1363 1258 etiam
1381 1213 1410 1259 fi
1433 1216 1532 1276 quis
1551 1214 1694 1260 homo
1713 1228 1791 1262 aut
1807 1229 1875 1263 res
1888 1220 1982 1279 ejus
1998 1208 2112 1247 &¹¹⁶⁶
2130 1212 2176 1248 ²¹¹·

330 1279 508 1343 generis
524 1279 569 1325 in
598 1295 693 1341 quo
714 1277 1033 1341 postliminium
1061 1278 1146 1324 esse
1163 1275 1394 1340 placuerat
1412 1313 1423 1332 ‚
1457 1276 1716 1339 perveniffet
1741 1276 1800 1324 ad
1815 1282 1986 1328 amicos

330 1340 508 1389 nostros
528 1378 540 1396 ,
557 1355 606 1388 ut
624 1341 829 1404 loquitur
843 1339 967 1387 dieto
985 1340 1093 1387 loco
1108 1339 1387 1400 Pomponius
1407 1376 1418 1395 ‚
1445 1355 1522 1386 aut
1539 1351 1588 1385 ut
1606 1337 1766 1386 Paulus
1782 1343 1989 1406 exempli.

328 1401 457 1452 causa
471 1404 745 1465 explicat,ad
759 1418 914 1468 regem
931 1402 1103 1451 socium
1119 1401 1192 1449 vel
1211 1402 1421 1449 amicum.
1460 1399 1638 1465 Qbus
1652 1402 1697 1446 in
1710 1401 1855 1450 locis*
1869 1406 1985 1450 ami-

329 1468 370 1513 ci
383 1480 461 1514 aut
479 1466 591 1514 socii
606 1466 887 1528 intelligendi
906 1464 1002 1513 sunt
1018 1481 1109 1512 non
1128 1463 1389 1524 fimpliciter
1405 1462 1667 1526 quibuscum
1685 1479 1775 1525 pax
1791 1464 1853 1513 est
1874 1503 1887 1522 ,
1905 1465 1984 1514 sed

328 1531 406 1590 qui
423 1544 571 1591 partes
600 1531 646 1577 in
681 1528 802 1577 bello
834 1527 1016 1576 easdem
1044 1526 1311 1589 sequuntur:
1348 1526 1406 1572 ad
1423 1543 1536 1590 quos
1552 1526 1636 1589 ¹qui
1653 1541 1867 1574 venerunt
1888 1566 1899 1584 ,
1935 1543 1984 1576 ut

328 1591 491 1639 Paulus
516 1593 719 1654 loquitur
737 1631 750 1651 ,
777 1591 962 1639 nomine
990 1589 1173 1655 publico
1204 1589 1291 1634 tuti
1313 1589 1398 1636 effe
1428 1589 1664 1652 incipiunt.
1698 1587 1831 1636 Nihil
1861 1592 1981 1637 enim

325 1654 505 1701 interest
535 1656 681 1701 homo
704 1668 781 1703 aut
814 1670 886 1701 res
916 1654 975 1700 ad
1005 1654 1091 1700 hos
1121 1665 1196 1700 aut
1223 1650 1284 1698 ad
1313 1651 1412 1700 suos
1444 1651 1718 1715 pervenerit.
1754 1652 1882 1714 Apud
1901 1669 1981 1700 eos

325 1732 441 1765 vero
470 1718 546 1780 qui
564 1718 698 1764 amici
726 1717 823 1764 sunt
840 1755 852 1773 ,
881 1714 957 1763 sed
982 1732 1078 1762 non
1097 1712 1343 1763 earundem
1358 1715 1551 1778 partium
1571 1752 1583 1771 ‚
1610 1712 1733 1771 bello
1749 1716 1868 1777 capti
1896 1714 1983 1762 sta-

324 1793 424 1826 tum
442 1795 534 1826 non
554 1794 741 1835 mutant,
762 1779 839 1826 nifi
855 1794 915 1826 ex
933 1776 1108 1840 speciali
1126 1776 1257 1838 ρειὲὶο
1272 1810 1282 1828 ,
1296 1775 1538 1839 quomodo
1554 1776 1598 1822 in
1613 1774 1810 1823 secundo
1824 1776 1989 1823 federe.

323 1841 417 1889 icto
435 1844 551 1889 inter
568 1843 810 1890 Romanos
834 1843 884 1888 δε
913 1836 1304 1904 Carthaginienses
1318 1851 1596 1886 convenerat
1613 1874 1625 1893 ‚
1660 1851 1712 1884 ut
1729 1840 1804 1901 qui
1819 1842 1846 1885 a
1863 1839 1980 1890 Car·
1996 1832 2117 1877 1³02th
2128 1843 2141 1870 ¹
2151 1842 2182 1871 1²

323 1905 671 1970 thaginienfibus
697 1906 815 1968 capti
841 1907 868 1950 ὲ
894 1903 1074 1975 populis
1100 1901 1253 1949 amicis
1282 1900 1606 1959 Romanorum
1620 1900 1665 1945 in
1696 1915 1853 1962 portus
1880 1902 1980 1949 Ro·-

321 1969 466 2028 manis
494 1965 697 2015 subditos
726 1965 940 2015 veniffent
964 1983 1008 2014 in
1041 1965 1301 2012 libertatem
1339 1961 1555 2010 vindicari
1587 1961 1762 2024 poffent
1794 1980 1807 2011 ς
1839 1979 1978 2027 utque

323 2027 765 2093 Carthaginienssum
781 2030 937 2077 amicis
953 2044 1033 2094 par
1045 2029 1116 2088 jus
1131 2025 1247 2073 effet.
1276 2025 1389 2072 Ideo
1408 2029 1432 2055 *
1451 2026 1525 2087 qui
1545 2023 1861 2073 Romanorum
1878 2023 1974 2074 bel-
1990 2031 2207 2070 plats-lami·-

319 2090 369 2138 lo
390 2091 562 2140 Punico
579 2091 771 2139 secundo
787 2106 839 2139 ca
875 2092 910 2138 ti
926 2093 972 2138 in
997 2090 1216 2138 Graeciam
1234 2089 1520 2135 commercio
1543 2100 1840 2148 pervenerant
1855 2127 1866 2145 ‚
1904 2092 1974 2150 jus
1987 2084 2048 2115 ’ἄρ’

323 2154 387 2201 ibi
405 2154 663 2218 postliminii
680 2170 771 2201 non
787 2106 1036 2200 haEuerunt
1056 2187 1068 2204 ,
1085 2146 1189 2214 quia
1204 2148 1347 2198 Graeci
1362 2150 1406 2195 in
1431 2147 1626 2208 eoqbelio
1644 2160 1822 2195 neutras
1839 2150 1976 2200 secuti

319 2215 670 2281 fuerantpartes
694 2231 706 2263 ε
734 2232 787 2263 ac
803 2229 1045 2279 propterea
1060 2229 1178 2276 opus
1203 2211 1289 2259 fuit
1303 2227 1384 2258 eos
1409 2211 1573 2258 redimi
1599 2220 1650 2258 ut
1662 2210 1973 2260 liberarentur.

322 2280 449 2342 Qu
475 2280 524 2326 δε
547 2277 666 2341 apud
686 2276 944 2324 Homerum
962 2292 1052 2323 non
1069 2276 1223 2323 uno'in
1254 2274 1363 2322 loco
1393 2272 1600 2321 videmus
1617 2273 1739 2319 bello
1754 2288 1912 2333 captos
1928 2276 1974 2320 in

317 2341 434 2450 {peis
448 2342 618 2404 pacatis
634 2340 861 2397 venditos,
879 2352 928 2387 ut
940 2338 1204 2401 Lycaonem
1217 2335 1384 2400 Iliados
1401 2335 1803 2387 ‹1>.Eurimedusam
1819 2334 1970 2398 Odys-

338 2419 397 2452 eae
424 2415 476 2450 H.

384 2466 406 2513 Ι
423 2467 443 2513 1
460 2466 492 2512 Ι.
531 2463 677 2513 Vetus
690 2463 1009 2511 Romanorum
1025 2461 1200 2515 locutio
1214 2474 1422 2524 receptos
1437 2459 1708 2524 postliminio
1722 2459 1859 2505 etiam
1876 2460 1965 2504 ho-
1978 2459 2170 2507 fest-Pomp»

317 2529 461 2576 mines
483 2524 651 2575 liberos
668 2521 863 2575 dicebat.
894 2530 1120 2585 Postliminio
1140 2540 1330 2586 receptum
1351 2520 1442 2582 (ita
1457 2524 1573 2569 enim
1594 2521 1835 2584 legendum
1869 2523 1927 2566 est
1946 2525 1965 2583 )

321 2596 456 2638 Gallus
470 2593 598 2637 AElim
613 2596 653 2636 in
668 2592 764 2638 libro
771 2589 1223 2651 primofignificaetiomtm
1247 2605 1323 2649 quae
1335 2589 1389 2631 ad
1396 2590 1462 2645 jm
1466 2589 1653 2647 pertinent
1670 2618 1681 2632 ,
1710 2590 1768 2627 ait
1793 2589 1859 2646 effi:
1871 2596 1957 2629 eum

315 2659 383 2717 qui
396 2652 493 2700 liber
507 2658 526 2698 ἓ
541 2668 619 2714 qua
636 2658 795 2699 civitate
810 2660 851 2697 in
864 2653 984 2697 aliam
1001 2658 1202 2697 civitatem
1218 2652 1370 2694 abierat
1383 2680 1394 2696 ‚
1411 2653 1452 2692 in
1467 2643 1622 2692 eandem
1639 2651 1835 2691 civitatem
1849 2649 1952 2691 redit

316 2734 357 2761 eo
365 2721 451 2773 jure
463 2718 566 2777 quod
576 2717 816 2773 constitutum
839 2716 888 2771 cst
910 2715 956 2757 de
964 2715 1206 2775 postliminia.
1256 2720 1357 2757 Item
1365 2716 1434 2771 qui
1437 2712 1575 2769 sbrvus
1586 2707 1614 2751 a*
1627 2710 1728 2752 nobis
1742 2712 1783 2753 in
1794 2710 1953 2764 hostium

306 2779 526 2840 potestatem
535 2784 711 2837 pervenit
726 2811 737 2829 ‚
748 2778 869 2835 postea
885 2777 939 2821 ad
950 2795 1016 2822 nos
1031 2776 1131 2820 redit
1148 2780 1188 2820 in
1202 2779 1281 2833 ejus
1290 2774 1501 2833 potestatem
1513 2772 1613 2826 cujus
1622 2784 1736 2814 antea
1742 2774 1829 2832 fuit
1842 2803 1853 2818 ‚
1880 2775 1952 2813 ure

309 2841 543 2899 postliminii.
577 2841 678 2899 Equi
695 2831 745 2886 Εἴ
756 2840 851 2882 muli
867 2839 918 2892 ὁ·
930 2842 1043 2884 navis
1060 2837 1190 2881 eadem
1201 2841 1304 2881 ratio
1321 2836 1370 2890 est
1398 2836 1438 2878 in
1451 2834 1666 2893 postliminii
1680 2845 1824 2891 receptu
1854 2788 1951 2888 (lita

313 2898 400 2945 tria
413 2900 504 2945 haec
516 2895 656 2945 verba
673 2936 686 2956 ,
717 2910 810 2959 quae
826 2895 1019 2945 delenda
1049 2893 1195 2943 censet
1213 2898 1281 2943 vir
1297 2890 1655 2955 incomparabilis
1685 2892 1728 2938 in
1757 2892 1949 2938 Romani
1967 2908 2003 2945 L,
2019 2923 2092 2946 cum
2113 2911 2180 2949 d„

312 2961 425 3020 juris
441 2959 587 3007 studio
602 2958 794 3020 Iacobus
810 2958 1131 3021 Cujacius‚levi
1145 2959 1395 3005 mutatione
1410 2955 1588 3001 retineri
1603 2954 1725 3015 posse
1738 2953 1952 3013 arbitror)
1969 2961 2059 2992 D·de
2066 2969 2156 3005 mon

311 3039 391 3085 qufz
409 3026 532 3081 servi.
565 3040 639 3083 qua
648 3038 788 3084 genera
817 3042 942 3068 rerum
971 3025 1020 3069 ab
1037 3024 1200 3079 hostibus
1214 3024 1269 3066 ad
1282 3040 1346 3066 nos
1357 3021 1576 3077 postliminio
1589 3020 1749 3061 redeunt
1768 3053 1779 3070 ,
1817 3018 1948 3060 eadem
1964 3004 2154 3084 ,ΞΡἚΙΜ-

308 3103 448 3146 genem
460 3087 627 3129 rerum&
642 3081 742 3129 nobi}
753 3087 807 3128 ad
824 3087 939 3140 hostes
953 3086 1073 3129 redire
1085 3086 1240 3143 possunt.
1275 3079 1366 3127 Sed
1383 3077 1651 3141 posteriores
1667 3076 1860 3138 Romani
1875 3067 1948 3120 In·
1959 3076 2045 3130 ben),
2063 3066 2174 3131 1520-

311 3143 557 3192 ristzonsulti
587 3143 778 3192 discrete
794 3146 936 3206 magis
952 3144 1063 3192 duas
1093 3145 1339 3190 statuerunt
1353 3141 1517 3205 species
1534 3139 1789 3202 postliminii
1808 3151 1858 3184 ut
1875 3152 1949 3184 aur
1961 3142 2034 3175 dem
2046 3146 2101 3197 ζέει.
2117 3146 2179 3192 41.

310 3223 395 3254 nos
411 3220 711 3262 revertamur,
730 3220 805 3254 aut
819 3206 987 3267 aliquid
1002 3207 1281 3268 recipiamus.
1960 3188 2153 3234 postiemum

369 3268 396 3316 1
412 3267 470 3316 V.
504 3267 809 3319 Retinendum
824 3270 873 3317 &
886 3268 1000 3315 illud
1016 3266 1303 3376 Tryphonixni
1320 3302 1332 3322 ,
1364 3266 1439 3328 qui
1452 3262 1711 3327 postliminii
1731 3263 1805 3325 jus
1817 3275 1951 3308 com-

1283 3345 1297 3375 ι
1328 3339 1358 3374 2.
1800 3337 1953 3389 petere
