2380 3917
703 358 1593 405 t‘RotEGOMENa.

766 437 917 480 Incerta
930 426 1043 485 hacsi
1053 426 1099 471 tis
1112 428 1262 486 pustulas

497 491 664 538 Ratione
679 503 782 534 certa
787 493 933 555 facere,
951 489 1073 532 nihilo
1077 491 1165 548 plus
1177 505 1280 549 agas.

492 561 627 614 Qum
641 551 676 610 fi
691 553 753 595 des
769 571 788 596 0
813 568 931 600 eram,
949 565 995 594 ut
1013 567 1097 599 cum
1112 555 1259 598 ratione
1276 551 1464 607 insanias.

313 619 443 665 Cum
462 628 576 662 vero
593 611 753 659 frustra
800 627 826 658 e
842 613 940 670 jure
956 608 1212 671 suscipiatur
1225 609 1473 674 disputatio
1491 651 1502 670 ,
1521 612 1551 661 fi
1569 612 1713 676 ipsum
1739 607 1809 671 jus
1822 608 1997 663 nullum

315 680 394 731 est,
415 681 462 726 δι
478 675 537 723 ad
550 671 968 723 commendandum
985 675 1033 719 Sc
1050 672 1108 727 ad
1124 673 1506 736 praemuniendum
1537 691 1652 738 opus
1681 672 1881 721 nostrum
1895 688 1999 737 per-

313 740 492 790 tinebit,
508 738 625 785 hunc
639 736 953 803 gravissimum
964 751 1173 784 errorem
1192 735 1390 784 breviter
1408 737 1806 787 refelli.Caeterum
1820 751 1874 782 ne
1891 751 1995 786 cum

312 804 452 852 turba
467 799 597 848 nobis
616 816 687 848 res
705 799 771 856 fit,
783 798 943 846 demus
957 801 999 847 ei
1016 798 1305 847 advocatum.
1321 798 1380 845 Et
1397 815 1532 862 quem
1548 802 1700 870 potius
1718 814 1853 863 quam
1871 796 1987 845 Cat-

311 865 524 918 neadem,
581 865 627 910 ui
646 862 704 909 ad
722 863 770 910 id
787 875 1056 926 pervenerat
1072 899 1085 918 ‚
1104 860 1231 925 quod
1245 861 1499 911 Academiae
1533 867 1614 912 luae
1639 864 1865 911 summum
1881 875 1995 918 etat,

314 944 369 977 ut
385 943 471 994 pro
492 925 554 973 fal
575 942 605 972 0
623 940 716 973 non
733 928 879 972 minus
895 941 1032 987 quam
1048 940 1133 987 pro
1150 940 1262 972 vero
1282 926 1398 972 vites
1413 925 1679 989 eloquentiae
1692 924 1835 987 poffet
1849 924 2000 971 inten-

316 991 430 1039 dere
446 990 468 1037 ?
483 989 526 1036 ls
543 1003 659 1053 ergo
675 1003 780 1036 cum
799 985 1043 1050 suscepisset
1061 987 1230 1047 justitiae
1250 1026 1262 1042 ,
1280 987 1412 1048 hujus
1429 990 1649 1053 praecipue
1675 990 1736 1037 de
1795 1001 1851 1033 ua
1881 999 1999 1034 nunc

319 1056 515 1120 agimus,
531 1053 937 1115 oppugnationem,
955 1051 1122 1097 nullum
1139 1052 1308 1097 invenit
1338 1066 1657 1114 argumentum
1675 1050 1764 1101 vali
1800 1050 1868 1098 ius
1890 1048 1974 1096 isto
1989 1065 2006 1100 z

317 1119 421 1180 juta
435 1114 516 1163 fibi
533 1114 745 1161 homines
762 1113 955 1161 utilitate
972 1112 1154 1160 sanxisse
1175 1114 1298 1159 varia
1311 1128 1398 1176 pro
1416 1113 1621 1162 moribus
1649 1153 1662 1171 ,
1681 1117 1730 1162 &
1747 1110 1867 1177 apud
1896 1111 2001 1159 eos-

317 1180 430 1227 dem
446 1192 532 1243 pro
545 1175 831 1238 temporibus
863 1174 973 1240 saepe
987 1190 1178 1225 mutata:
1212 1176 1282 1235 jus
1309 1190 1461 1222 autem
1477 1178 1678 1225 naturale
1694 1177 1779 1226 effe
1791 1174 1992 1231 nullum:

321 1257 486 1290 omnes
500 1242 619 1287 enim
636 1241 684 1287 &
702 1241 913 1287 homines
944 1241 993 1286 &
1013 1239 1121 1287 alias
1134 1239 1384 1286 animantes
1401 1237 1459 1285 ad
1472 1240 1694 1288 utilitates
1722 1241 1816 1288 suas
1835 1252 1996 1285 natura

324 1305 522 1352 ducente
537 1302 642 1349 ferri
662 1319 672 1350 :
694 1301 886 1367 proinde
899 1315 974 1350 aut
990 1300 1156 1349 nullam
1172 1300 1576 1361 essejustitiam3aut
1589 1302 1620 1351 fi
1639 1304 1691 1351 stt
1708 1299 1998 1366 aliqua,sum·-

328 1383 458 1415 mam
472 1365 557 1413 effe
575 1366 799 1413 stultitiam
819 1403 830 1420 ‚
855 1367 1068 1427 quoniam
1088 1363 1167 1411 fibi
1195 1379 1356 1413 noceat
1369 1364 1524 1412 alienis
1549 1366 1816 1414 commodis
1840 1362 2002 1411 consu·-

328 1430 441 1487 lens.
460 1428 632 1482 Verum
649 1429 774 1493 quod
792 1429 862 1474 hic
876 1429 989 1475 dicit
1006 1424 1321 1492 Philosophus,
1339 1428 1389 1475 ὅ(
1406 1426 1606 1490 sequitur
1615 1428 1776 1483 Poeta,

510 1502 590 1538 Nec
601 1507 744 1538 natura
752 1495 862 1552 potest
874 1494 1153 1552 y'ustoficernere
1166 1497 1344 1555 iniquum
1362 1514 1375 1538 .-

330 1555 518 1604 admitti
535 1555 723 1602 omnino
740 1569 830 1601 non
845 1553 996 1601 debet.
1017 1569 1120 1602 nam
1137 1555 1283 1601 homo
1300 1555 1499 1603 animans
1515 1554 1700 1619 quidem
1719 1554 1795 1608 est,
1814 1553 1891 1604 sed
1907 1553 2005 1601 exi-

333 1616 480 1668 mium
498 1618 712 1674 animans,
733 1617 970 1681 multoque
987 1617 1164 1675 lonttius
1176 1615 1342 1666 distans
1374 1620 1401 1667 a
1422 1620 1593 1667 caeteris
1610 1619 1822 1667 omnibus
1842 1656 1853 1674 ,
1903 1633 2006 1664 uam

331 1694 601 1730 caeterorum
627 1697 787 1744 genera
810 1681 927 1728 inter
953 1680 995 1728 se
1019 1671 1183 1730 dillant
1206 1696 1218 1728 t
1248 1682 1321 1729 cui
1346 1681 1410 1734 rei
1445 1681 1750 1730 testimonium
1767 1634 2007 1745 perhtiisent

332 1744 484 1794 multae
504 1742 699 1791 afflone-s
717 1745 1093 1809 humani'gen'eris
1108 1745 1316 1807 propriae.
1335 1744 1458 1792 Inter
1476 1746 1565 1792 haec
1583 1760 1732 1793 autern
1748 1760 1839 1808 quae
1856 1743 2007 1790 homir

332 1809 382 1855 ni
399 1805 498 1854 lunt
508 1808 705 1869 propria,
723 1806 785 1855 est
800 1807 1024 1871 appetitus
1040 1806 1327 1864 societatide
1344 1807 1406 1855 est
1415 1809 1772 1870 communitatis,
1791 1822 1882 1854 non
1899 1820 2006 1870 qua-

331 1868 576 1932 liscunque,
595 1867 670 1916 sed
687 1871 950 1934 tranquillat,
964 1872 1012 1918 &
1030 1886 1116 1935 pro
1133 1868 1196 1916 sui
1215 1870 1462 1917 intellectus
1477 1871 1626 1918 modo
1644 1871 1879 1926 ordinatae,
1902 1877 2011 1916 cum

332 1932 407 1980 his
423 1935 502 1996 qui
515 1931 578 1979 sui
591 1931 686 1980 sunt
699 1935 902 1997 generis:
926 1949 1063 1997 quam
1096 1935 1123 1964 *
1160 1932 1329 1976 »induam
1354 1931 1500 1985 Stoici
1532 1934 1834 1997 appellabant,
1866 1927 2013 1996 Qod

333 2007 450 2059 ergo
468 1995 635 2055 dicitur
647 2010 804 2043 natura
842 1996 1061 2062 quodque
1077 1996 1243 2043 animal
1275 1996 1334 2043 ad
1353 1996 1447 2043 suas
1461 2010 1636 2044 tantum
1655 1995 1868 2043 utilitates
1883 1993 2012 2050 ferri,

336 2059 404 2107 ita
421 2056 622 2105 universe
657 2057 856 2106 sumtum
886 2058 1082 2106 concedi
1101 2063 1193 2106 non
1207 2057 1363 2106 debet.
1393 2057 1523 2106 Nam
1551 2061 1600 2104 δε
1620 2073 1882 2107 caeterarum
1917 2055 2015 2103 ani,

339 2117 566 2169 ‘mantium
576 2118 780 2182 quoedam
799 2121 1047 2168 utilitatum
1061 2121 1236 2169 {uarum
1253 2121 1446 2169 studium
1472 2160 1484 2178 ,
1502 2123 1676 2186 partim*
1698 2120 1893 2167 foetuum
1910 2117 2015 2166 suo-

341 2199 463 2240 rum,
483 2185 650 2247 partim
666 2183 858 2230 aliorum
871 2184 949 2232 fibi
960 2199 1285 2250 congenetum‚
1304 2183 1505 2246 respectu
1539 2188 1564 2215 *
1601 2185 1878 2247 aliquatenus
1895 2196 2016 2229 tem·-

342 2260 504 2310 perant
523 2262 535 2294 :
585 2245 680 2293 uod
694 2247 740 2292 in
754 2245 840 2293 illis
855 2246 1039 2310 quidem
1054 2245 1307 2310 procedere
1323 2248 1551 2295 credimus
1569 2285 1579 2302 ‚
1610 2263 1669 2294 ex
1695 2246 1915 2308 principio
1933 2244 2015 2290 ali-

339 2325 437 2372 quo
453 2262 731 2371 intefiigente
742 2308 1011 2366 extrinseco,
1025 2310 1127 2380 quia
1136 2311 1254 2357 circa
1271 2309 1393 2357 astus
1405 2309 1518 2357 alios
1528 2348 1539 2366 ,
1549 2309 1638 2357 istis
1651 2309 1909 2370 neutiquam
1923 2304 2016 2355 dis-2

339 2372 567 2428 ficiliores‚
584 2388 663 2435 par
674 2371 966 2437 intelligentia
977 2373 1019 2418 in
1036 2371 1122 2419 illis
1138 2388 1231 2419 non
1247 2387 1450 2436 apparet.
1463 2371 1594 2419 Idem
1628 2387 1684 2418 ue
1697 2370 1755 2417 de
1771 2368 2016 2431 infantibus

341 2434 605 2490 dicendum,
625 2435 839 2499 inquibus
858 2450 961 2482 ante
973 2450 1162 2482 ornnem
1178 2434 1451 2499 disciplinam
1471 2436 1614 2481 ostent
1628 2436 1663 2481 it
1674 2433 1718 2481 se
1735 2472 1746 2491 ‚
1765 2432 1823 2480 ad
1836 2432 1951 2479 bene
1969 2448 2015 2479 a-

342 2497 416 2546 liis
431 2496 690 2544 faciendum
706 2497 945 2559 propensio
959 2496 1161 2559 quaedam
1182 2535 1193 2554 ‚
1211 2498 1458 2561 prudenter
1485 2499 1512 2542 a
1530 2496 1773 2544 Plutarcho
1804 2494 2018 2542 observa-.-

347 2575 397 2608 ta
416 2576 425 2605 :
442 2559 547 2606 ficut
564 2561 670 2606 &in
688 2574 740 2606 ea
757 2574 888 2606 aetate
907 2558 1214 2606 misericordia
1232 2559 1391 2624 sponte
1401 2562 1674 2623 prorumpit.
1692 2558 1886 2606 Homini
1903 2573 2013 2604 veto

345 2621 554 2687 perfestae
574 2623 732 2677 aetatis,
752 2637 857 2668 cum
874 2623 993 2669 circa
1009 2621 1165 2669 similia
1178 2622 1377 2670 fimilirer
1389 2637 1523 2682 agere
1538 2624 1660 2670 norit
1680 2659 1693 2678 ,
1711 2624 1737 2653 ’¹‘
1757 2638 1861 2668 cum
1878 2619 2018 2668 socie·

348 2686 457 2731 tatis
473 2686 676 2749 appetitu
692 2683 958 2741 excellente,
975 2687 1099 2746 cujus
1116 2683 1337 2747 peculiare
1352 2683 1594 2732 solusinter
1603 2683 2015 2732 animantesinstru-

354 2763 563 2793 mentum
581 2747 721 2795 habet,
731 2743 984 2793 sermonem
1003 2785 1014 2802 ,
1033 2747 1166 2794 inesse
1182 2750 1320 2795 etiam
1350 2745 1618 2794 facultatem
1639 2745 1804 2794 sciendi
1831 2745 2019 2811 agendi-

354 2825 461 2872 que,
474 2808 714 2855 secundum'
724 2809 950 2871 generalia
965 2806 1185 2872 praecepta
1200 2846 1211 2861 ‚
1239 2826 1318 2873 par
1328 2809 1388 2856 est
1400 2808 1587 2873 intelligi
1603 2848 1614 2865 ‚
1635 2811 1704 2857 cui
1764 2825 1830 2856 uae
1845 2824 2017 2857 conve·

355 2873 486 2931 niunt
514 2886 585 2918 ea·
597 2874 690 2931 jam
719 2872 813 2919 sunt
830 2888 922 2919 non
943 2872 1148 2931 omnium
1164 2873 1351 2935 quidem
1379 2872 1672 2922 animantium
1692 2910 1704 2928 ,
1723 2825 1799 2918 {d
1816 2872 2019 2918 humanae

357 2948 522 2980 natutae
540 2933 849 2998 congruentia.
876 2933 987 2983 Haec
998 2948 1109 2981 vero
1130 2970 1139 2985 ,
1158 2951 1294 2998 quam
1315 2933 1413 2981 rudi
1431 2932 1577 2980 modo
1594 2934 1686 2994 jam
1706 2934 2015 2998 expreffimus,

356 3000 384 3025 ³⁸
424 2995 650 3043 societatis
663 2996 862 3044 custodia
877 3034 888 3053 ‚
904 2997 1356 3045 humanoiurellestui
1372 2997 1642 3043 conveniens
1661 3036 1671 3054 ‚
1707 2995 1813 3043 fons
1849 2995 1911 3044 est
1923 2998 2018 3054 ejus

355 3059 469 3119 juris
489 3096 500 3114 ,
537 3058 664 3122 quod
690 3057 965 3121 proprie'tali
987 3061 1176 3106 nomine
1210 3060 1461 3124 appellatur
1477 3075 1489 3106 2
1503 3063 1527 3088 *
1544 3074 1637 3120 quo
1650 3059 1874 3121 pertinent
1888 3058 2016 3106 alieni

357 3121 619 3167 abstinentia
642 3122 715 3177 ,δε
733 3121 761 3168 fi
775 3120 883 3183 quid
901 3121 1034 3168 alieni
1047 3121 1291 3169 habeamus
1310 3161 1322 3178 ‚
1341 3136 1417 3168 aut
1452 3121 1561 3167 lucri
1574 3120 1678 3167 inde
1694 3119 1935 3168 fecerimus
1951 3134 2019 3167 rea

359 3182 548 3237 stitutiO,
567 3183 884 3244 promissorum
903 3181 1235 3245 implendorum
1250 3185 1477 3249 obligatio
1497 3222 1508 3239 ‚
1527 3182 1676 3230 damni
1691 3182 1819 3248 culpa
1835 3181 1929 3231 dati
1945 3198 2018 3230 re-

394 3246 554 3299 atuin,
573 3248 619 3290 &
637 3263 774 3309 poenae
789 3248 906 3293 inter
919 3248 1124 3294 homines
1137 3250 1363 3295 meritum.
1392 3245 1464 3294 Ab
1482 3246 1562 3292 hac
1579 3248 1684 3305 juris
1699 3245 2017 3311 fignificatione

359 3261 484 3354 fiuxit
500 3308 636 3354 altera
649 3309 848 3371 largior:
884 3310 986 3371 quia
998 3311 1117 3356 enim
1129 3310 1273 3358 homo
1304 3310 1431 3373 supra
1461 3323 1643 3359 caeteras
1663 3310 1907 3355 animantes
1924 3319 2016 3354 non

359 3381 536 3418 tantum
554 3371 647 3419 vim
664 3371 842 3423 obtinet
857 3370 1068 3422 socialem
1084 3373 1142 3422 de
1153 3389 1240 3441 qua
1252 3373 1447 3424 diximus
1463 3409 1476 3432 ,
1497 3370 1571 3422 sed
1585 3371 1862 3435 &judicium
1880 3369 1937 3416 ad
1959 3385 2018 3416 ae-

1801 3430 2017 3484 stimmda
