2380 3917
338 331 408 368 332
740 320 1522 363 DEIVREBELL

343 406 403 439 xv
427 392 476 438 δε
507 407 539 436 v
557 408 572 447 ;
606 403 654 437 at
670 389 714 435 in
733 405 860 438 novo
892 388 1053 435 federe
1069 390 1219 437 verbis
1238 392 1288 438 δε
1302 395 1520 453 exemplis
1532 391 1715 440 testatus
1728 395 1790 442 est
1807 395 1849 444 se
1866 397 1923 444 ad
1940 409 2012 445 ta.

339 454 398 501 lia
417 452 766 517 resipiscentibus
777 451 1083 499 condonanda
1094 451 1180 499 esse
1198 451 1396 502 facilem.
1416 456 1547 503 Lucae
1562 471 1652 503 εκ]
1665 471 1686 501 1
1697 471 1718 502 1
1728 494 1738 512 ,
1756 468 1831 520 34.
1860 459 2010 507 Hebr.

344 533 403 565 1v
426 557 434 573 ,
458 530 513 575 15
535 537 548 574 3
578 533 608 564 v
625 555 636 573 ‚
656 527 703 561 2.
744 531 765 562 1
788 515 1003 563 Timoth.
1026 531 1045 561 1
1071 554 1082 572 ,
1102 528 1177 578 13.
1214 515 1273 561 Et
1287 518 1472 579 quidem
1489 519 1573 566 illis
1595 517 1763 566 Christi
1779 536 1802 566 a
1836 521 1897 568 ud
1914 521 2013 568 Lu-

340 597 441 626 cam
462 579 611 626 verbis
631 617 641 634 ,
681 583 850 626 condona
866 584 936 624 illis
948 593 1061 637 pater
1078 613 1088 628 ‚
1105 585 1202 641 quia
1217 583 1387 638 nesciunt
1398 586 1492 642 quid
1504 587 1653 639 faciant
1671 617 1682 635 ‚
1718 581 1745 607 '⁸¹
1763 598 1807 628 at
1821 582 2007 630 dustum

340 642 663 689 Theodosium
689 656 739 689 ut
770 641 1071 688 Antiochenis
1100 638 1381 704 ignosceret,
1408 657 1538 690 notat
1563 642 1787 691 Iohannes
1804 643 2010 707 Chryso-

340 707 528 752 stomus.

104 785 312 830 uh.1,c.46.
406 767 457 814 X
472 768 523 816 X
537 767 579 815 V
598 767 619 813 Ι
636 767 672 814 Ι.
710 767 862 829 Atque
896 767 999 812 hinc
1029 779 1217 827 apparet
1247 782 1380 829 quam
1411 766 1531 813 male
1565 766 1873 814 ferdinandus
1898 767 2010 817 Vas:-

341 833 471 894 quius
488 832 656 878 dixerit
671 870 681 888 ,
698 829 858 890 justam
871 828 1048 876 causam
1062 827 1371 892 dispensandi,
1399 829 1446 875 id
1463 830 1524 876 est
1540 829 1641 895 lege
1656 830 1861 877 solvendi
1880 869 1892 887 ,
1923 830 2010 879 effe

340 910 445 941 eam
459 908 636 942 tantum
655 931 666 949 ‚
686 895 746 940 de
764 909 852 955 qua
864 892 978 956 legis
994 890 1153 938 austor
1167 889 1398 940 consultus
1414 891 1592 940 dixisset
1610 931 1623 948 ,
1660 907 1790 939 extra
1807 908 2011 941 mentem

340 958 465 1004 suam
492 957 578 1004 esse
597 972 699 1003 eam
726 955 973 1002 observari.
1005 953 1124 1001 Non
1141 953 1369 1018 distinguit
1392 956 1515 1002 enim
1542 957 1658 1003 inter
1699 955 1901 998 ἐπτεέκειοω
1919 974 2011 1019 quae

101 1042 306 1086 1‚¹*,5‚,‚c‚25‚
340 1021 490 1085 legem
507 1022 807 1082 interpretatu
815 1033 852 1074 r,
873 1019 922 1063 &
935 1019 1051 1064 inter
1067 1016 1414 1067 relaxationem.
1432 1017 1570 1065 Vnde
1585 1020 1633 1065 δε
1650 1017 1757 1066 alibi
1773 1017 2012 1066 Thomam

107 1091 145 1123 <5
159 1103 186 1123 c·
205 1092 267 1130 46.
341 1086 390 1130 &
407 1083 574 1130 Sotum
607 1080 901 1146 reprehendit
926 1080 1055 1143 quod
1084 1079 1238 1128 dicant
1270 1079 1421 1143 legem
1446 1080 1651 1145 obligare
1679 1079 1851 1127 etiamst
1883 1080 2011 1129 causa

341 1147 666 1211 particulariter
696 1144 831 1193 ceffet
849 1182 860 1201 ‚
892 1142 1015 1205 quasi
1043 1142 1194 1208 legem
1225 1143 1310 1190 effe
1326 1142 1544 1206 putassent
1570 1144 1711 1190 solam
1729 1141 2010 1206 scripturam,

340 1208 472 1272 quod
498 1209 588 1255 illis
613 1224 842 1271 nunquam
867 1207 913 1252 in
931 1220 1133 1253 mentem
1163 1207 1300 1254 venir.
1333 1206 1539 1253 Tantum
1557 1222 1670 1254 vero
1685 1203 1805 1252 abest
1831 1221 1882 1254 ut
1908 1222 2016 1253 om-

341 1275 411 1320 nis
428 1272 539 1336 legis
563 1272 787 1318 relaxatio
810 1311 820 1329 ‚
851 1285 948 1331 quae
975 1267 1084 1332 saepe
1101 1269 1241 1316 libere
1258 1270 1307 1315 δε
1323 1267 1421 1316 dari
1448 1269 1499 1315 &
1514 1269 1667 1316 omitti
1683 1267 1831 1332 potest
1849 1307 1862 1327 ‚
1893 1267 2016 1316 refe-

342 1335 487 1383 renda
507 1334 559 1382 sit
577 1334 635 1381 ad
650 1333 853 1378 'amimam
871 1333 1057 1396 proprie
1073 1331 1240 1379 dictam
1261 1347 1273 1379 :
1307 1346 1363 1378 ne
1392 1331 1466 1379 illa
1483 1331 1668 1394 quidem
1685 1330 1904 1378 relaxatio
1920 1348 2016 1395 quae

344 1412 425 1444 aut
443 1414 501 1445 ex
515 1399 703 1445 caritate
734 1407 810 1439 aut
839 1393 1077 1454 exjustitia
1106 1393 1295 1442 rectrice
1324 1393 1520 1442 debetur
1537 1433 1551 1451 ,
1580 1410 1640 1441 eo
1667 1392 1827 1441 referri
1852 1393 2017 1458 potest.

347 1460 487 1508 Aliud
504 1462 627 1506 enim
646 1459 706 1506 est
723 1457 874 1520 legem
894 1471 970 1504 aut
989 1455 1216 1520 probabili
1237 1470 1314 1506 aut
1329 1458 1468 1505 etiam
1486 1472 1675 1521 urgente
1687 1454 1816 1504 causa
1833 1456 2014 1514 tollere,

344 1522 472 1570 aliud
503 1522 739 1571 declarare
772 1519 942 1567 fastum
985 1519 1044 1567 ab
1089 1520 1222 1566 initio
1251 1534 1403 1567 mente
1447 1521 1563 1585 legis
1603 1535 1694 1566 non
1726 1516 1853 1566 fuisse
1885 1535 2018 1566 com-

344 1585 634 1649 prehensum.
674 1585 751 1633 De
772 1583 986 1631 tollendis
1010 1583 1160 1646 poenis
1178 1582 1377 1632 vidimus
1398 1622 1410 1641 ,
1435 1582 1494 1630 de
1510 1583 1745 1630 taxatione
1761 1597 1919 1629 earum
1946 1583 2018 1630 vi-

351 1648 563 1695 deamus.

413 1711 463 1760 X
478 1710 530 1758 X
545 1710 589 1759 V
603 1709 659 1757 11
676 1708 712 1756 Ι.
749 1705 818 1755 Ex
836 1708 964 1773 supra
980 1708 1110 1757 dietis
1125 1721 1313 1772 apparet
1327 1710 1372 1756 in
1392 1709 1534 1773 poenis
1551 1708 1648 1757 duo
1666 1706 1868 1773 spestarL
1886 1705 1933 1754 id
1953 1706 2020 1754 ob

351 1773 495 1838 quod,
515 1777 564 1821 &
580 1774 708 1833 cujus
725 1787 856 1833 ergO.
892 1770 975 1819 Ob
992 1771 1121 1834 quod
1139 1809 1152 1828 ‚
1169 1769 1232 1817 est
1242 1772 1455 1819 meritum
1474 1793 1491 1831 3
1521 1774 1648 1833 cujus
1663 1786 1777 1835 ergo
1795 1810 1807 1828 ‚
1823 1769 1884 1817 est
1899 1768 2022 1818 utili-

353 1853 422 1885 tas
439 1853 498 1884 ex
512 1852 659 1900 poena.
681 1839 704 1865 *
726 1833 983 1882 Puniendus
996 1850 1133 1880 nemo
1149 1833 1210 1879 est
1227 1832 1346 1881 ultra
1361 1836 1594 1892 meritum,
1614 1850 1707 1898 quo
1724 1849 1777 1880 ea
1793 1835 2019 1898 pertinent

111 1902 270 1950 {pst-xv
286 1900 329 1934 “d
355 1918 449 1964 quse
465 1918 522 1948 ex
539 1900 741 1947 Horatio
760 1899 854 1958 jam
884 1913 987 1944 ante
1003 1896 1301 1959 protulimus,
1332 1898 1380 1942 δέ
1406 1896 1647 1945 Ciceronis
1662 1896 1801 1944 illud:
1827 1899 1890 1954 Est
1909 1911 2023 1958 poena

114 1955 206 1987 ’ΜΨ
356 1966 597 2025 modmficut
616 1982 746 2008 rerum
767 1965 1002 2023 reliquarum
1031 1964 1080 2016 ὅ
1106 1963 1278 2023 quadam
1291 1963 1546 2008 mediocritas.
1579 1959 1694 2006 Ideo
1713 1974 1894 2022 poenam
1909 1957 2023 2006 aesti-

113 2039 154 2071 L.
168 2035 308 2070 sancho·
355 2027 569 2072 marionis
586 2025 771 2071 nornine
786 2023 981 2087 appellat
998 2021 1281 2083 Papinianus.
1306 2021 1364 2068 Et
1380 2021 1596 2068 Aristides
1613 2021 1850 2070 Leuctrica
1868 2018 2024 2067 secun-

115 2086 209 2118 ΒΨ
221 2094 306 2128 paen.
354 2089 415 2137 da
430 2089 632 2135 humana?
644 2102 808 2133 naturae
824 2087 1092 2132 conveniens
1107 2084 1191 2131 effe
1204 2085 1268 2130 ait
1286 2121 1298 2140 ,
1334 2097 1382 2130 ut
1401 2085 1444 2130 in
1471 2099 1656 2146 quoque
1671 2084 1859 2134 crimine
1873 2082 1925 2130 fit
1939 2081 2024 2130 ali-

115 2131 227 2167 damn.
355 2151 466 2216 quid
484 2151 598 2198 ultra
615 2149 741 2212 quod
760 2147 954 2195 vindiCta
968 2147 1218 2210 procedere
1230 2162 1320 2192 non
1338 2145 1521 2193 debeat.
1555 2147 1887 2195 Demosthenes
1904 2161 2021 2193 vero

353 2219 398 2262 in
414 2214 597 2275 epistola
613 2227 700 2276 pro
733 2211 931 2275 Lycurgi
965 2211 1115 2256 liberis
1144 2209 1446 2270 aequalitatem
1477 2211 1520 2255 in
1554 2224 1684 2270 poena
1699 2209 1871 2256 nonita
1903 2207 2024 2254 nude

356 2275 636 2339 spectandam
654 2276 728 2332 ait,
747 2288 797 2320 ut
816 2275 863 2319 in
881 2271 1156 2333 ponderibus
1174 2274 1223 2317 &
1241 2270 1458 2319 mensuris
1474 2309 1486 2328 ‚
1505 2271 1580 2318 sed
1597 2287 1653 2318 ex
1690 2271 1795 2318 enso
1813 2270 2024 2334 propoli-

352 2356 407 2387 το
429 2357 479 2386 ac
497 2354 616 2385 voto
642 2339 733 2395 ejus
762 2338 836 2398 qui
855 2333 1056 2397 deliquit.
1091 2335 1215 2381 Intra
1246 2335 1397 2381 meriti
1429 2350 1542 2383 vero
1557 2287 1753 2381 moAEum
1784 2335 1931 2398 magis
1946 2347 2024 2382 aut

354 2405 503 2451 minus
521 2416 708 2461 peccata
726 2400 966 2462 puniuntur
979 2413 1063 2462 pro
1082 2397 1295 2444 utilitate.

422 2465 536 2512 XX
553 2465 572 2511 1
587 2462 657 2509 X.
690 2462 738 2509 In
762 2463 931 2508 merito
965 2459 1266 2506 examinanda
1299 2458 1481 2505 veniunt
1506 2460 1532 2488 *
1566 2458 1695 2507 causa
1712 2474 1807 2521 quae
1824 2457 2024 2522 impulit,

357 2528 484 2575 causa
509 2544 602 2589 quae
621 2526 850 2571 retrahere
867 2523 1041 2578 debuit,
1059 2525 1107 2569 δε
1118 2521 1312 2584 personae
1328 2520 1556 2568 idoneitas
1570 2522 1626 2569 ad
1641 2536 1900 2584 utrumque.
1933 2521 2026 2567 Vix

390 2591 588 2653 uisquam
605 2590 747 2653 gratis
759 2588 902 2634 malus
915 2586 993 2637 est,
1004 2600 1081 2632 aut
1099 2585 1129 2632 si
1146 2600 1282 2647 quem
1296 2584 1467 2630 malitia
1483 2600 1672 2648 propter
1690 2583 1878 2647 seipsam
1896 2583 2024 2629 dele-

355 2607 444 2699 grat
463 2657 499 2699 is
518 2652 637 2698 ultra
654 2650 848 2697 modum
867 2651 1114 2695 humanum
1147 2646 1378 2710 processit.
1414 2646 1523 2693 Pars
1541 2649 1742 2694 maxima
1761 2645 1818 2692 ad
1838 2660 2027 2708 peccan-

122 2730 189 2763 lac.
209 2736 241 2771 1,
255 2732 312 2772 ις.
355 2716 466 2763 dum
486 2714 715 2760 ducuntur
733 2711 960 2758 affeffibus
979 2727 989 2757 :
1019 2706 1464 2765 bimsvffia'mvmssffm
1480 2709 1566 2757 5274
1578 2710 1772 2767 affixe-dau:
1796 2725 1806 2750 ε
1824 2715 2030 2771 Appetitas

358 2786 559 2840 concipiens
585 2784 697 2838 parit
717 2791 925 2836 peccatum.
960 2774 1202 2836 Appetitus
1234 2774 1417 2831 nominc
1433 2773 1525 2832 jam
1545 2775 1593 2818 δί
1623 2768 1882 2818 declinandi
1916 2769 2026 2816 mali

357 2844 581 2900 impetum
599 2836 946 2899 comprehendo
961 2874 972 2891 ,
993 2836 1068 2897 qui
1087 2837 1286 2881 maxime
1301 2835 1362 2880 est
1375 2835 1583 2881 naturalis
1598 2834 1797 2898 ideoque
1816 2833 1934 2880 inter
1948 2848 2024 2894 ap·

358 2906 526 2966 peritus
547 2899 889 2947 honestissimus.
906 2897 1026 2943 unde
1040 2913 1134 2958 quae
1152 2897 1316 2944 mortis
1334 2934 1344 2952 ‚
1363 2898 1556 2943 carceris
1575 2935 1587 2953 ,
1619 2897 1796 2944 doloris
1813 2911 1890 2942 aut
1908 2894 2029 2941 sum-

360 2983 444 3013 mae
475 2964 676 3027 egestatis
695 2960 885 3008 vitandae
903 2957 1031 3006 causa
1046 2959 1202 3017 injuste
1230 2959 1339 3005 fiunt
1359 2961 1556 3005 maxime
1574 2957 1845 3006 excusabilia
1880 2957 2027 3005 videri

363 3027 520 3074 solent.
559 3027 616 3071 Et
633 3026 718 3070 huc
734 3022 846 3069 illud
865 3021 1185 3069 Demosthenis
1205 3023 1411 3080 pertinet:
1429 3032 1603 3083 AEquum
1630 3026 1678 3080 est
1693 3026 1750 3067 hbs
1775 3026 1843 3082 qui
1859 3040 1943 3068 cum
1960 3023 2024 3064 di-

364 3091 551 3148 vitesfint
569 3092 661 3132 mali
669 3090 764 3145 sunt
783 3092 899 3146 magia
915 3088 1036 3143 irasci,
1055 3104 1173 3146 quam
1189 3088 1247 3128 hia
1258 3103 1347 3146 quos
1365 3086 1494 3144 egestas
1510 3090 1664 3146 impellit
1683 3100 1695 3131 ζ
1722 3103 1814 3129 nam
1831 3085 1940 3144 apud
1951 3084 2028 3126 hu-

364 3168 556 3198 manrtate
571 3166 720 3194 utentes
739 3152 885 3208 judices
907 3147 1093 3205 necessitas
1122 3149 1273 3208 aliquid
1288 3148 1417 3205 adfert
1434 3152 1548 3190 venia
1568 3184 1579 3201 ,
1611 3165 1696 3191 cum
1709 3146 1744 3205 fi
1758 3149 1824 3207 qui
1841 3150 1881 3191 in
1896 3161 2028 3189 rerum

366 3218 566 3271 affluentia
590 3214 714 3270 injusti
722 3214 820 3268 sunt
838 3211 939 3253 nihil
952 3212 1119 3253 habeant
1138 3214 1306 3266 praetexti
1319 3211 1540 3267 probabilia.
1579 3207 1654 3254 Sic
1674 3207 1927 3253 Acarnanas
1945 3218 2029 3249 ex-

131 3284 201 3320 st.
216 3293 266 3319 xv.
364 3265 417 3321 c‘u
427 3275 449 3319 s
444 3290 484 3319 at
518 3274 732 3332 Polybius
763 3271 889 3331 quod
919 3268 1218 3331 impendentis
1256 3269 1440 3330 periculi
1480 3268 1678 3332 respectu
1712 3268 1882 3314 federis
1920 3281 2027 3311 cum

366 3338 531 3388 Graecis
561 3339 606 3383 in
639 3333 820 3384 AEtolos
847 3333 943 3382 initi
976 3334 1099 3398 leges
1131 3346 1223 3380 non
1250 3331 1500 3397 implessent
1519 3363 1534 3381 .
1578 3329 1868 3381 Aristoteles:
1898 3325 2031 3380 ἐπὸ-τέ·

1883 3397 2027 3450 μᾶλλον
