2475 3854
799 275 1743 319 ACPACIS,1.IB.11.
2047 284 2119 323 129

447 345 583 401 habet,
594 345 719 406 populi
734 349 901 391 Romani
913 346 978 402 effe}
990 347 1162 390 arbitror
1178 365 1191 388 .·
1207 349 1329 389 maris
1340 360 1470 392 autem
1478 348 1588 404 ufitm
1601 364 1834 393 communem
1853 347 2023 392 omnibus
2037 350 2107 392 ho-

446 409 631 453 minibus.
665 404 759 452 Sed
776 405 1006 453 conciliari
1024 405 1233 453 videntur
1248 407 1313 452 ita
1328 408 1420 454 haec
1431 406 1552 471 posse
1568 448 1580 465 ,
1597 409 1627 456 fi
1645 409 1848 455 dicamus
1865 408 2112 455 Neratium

446 467 510 514 de
525 468 683 515 littore
697 468 841 530 loqui,
858 482 1075 531 quatenus
1092 467 1190 515 usus
1206 471 1301 529 ejus
1314 471 1638 535 navigantibus,
1657 486 1732 518 aut
1750 472 2115 533 praetervehenti-

448 529 535 578 bus
548 530 609 577 est
621 531 897 580 necessarius.
919 528 1106 577 Celsum
1122 546 1236 578 vero
1269 548 1488 593 quatenus
1520 533 1580 580 ad
1607 535 1853 581 utilitatem
1869 537 2115 590 summitur,

448 607 560 653 puta
581 592 639 640 ad
671 593 905 641 aedificium
935 609 1205 656 permanens
1224 610 1235 641 :
1300 596 1396 642 uod
1426 601 1453 643 a
1482 596 1682 644 Praetore
1713 598 1941 657 impetrari
1974 598 2118 644 solere
2221 653 2225 656 ν
2296 652 2300 656 .
2318 646 2326 656 ‚

448 654 737 719 Pomponius
754 673 836 704 nos
851 656 1010 712 docet,
1024 671 1072 703 ut
1089 657 1138 702 δε
1153 658 1223 716 jus
1233 612 1478 706 aedificandi
1496 662 1539 705 in
1551 662 1678 710 mari,
1695 659 1742 705 id
1754 659 1816 706 est
1834 661 1879 705 in
1895 674 2021 726 parte
2037 660 2114 707 lit·
2134 644 2350 726 5535.me

454 720 550 766 tori
564 720 790 782 proxima,
811 721 858 766 &
872 736 967 782 quae
983 719 1127 766 littori
1147 719 1263 781 quafi
1280 721 1551 768 accensetur.
2130 721 2219 777 dm,
2272 703 2307 738 θ’

483 780 550 829 Χ.
584 781 696 827 Haec
708 797 962 845 quanquam
978 797 1086 829 vera
1101 780 1213 838 sunt,
1233 796 1385 829 tamen
1402 785 1427 811 *
1440 801 1498 831 ex
1530 784 1728 832 instituto
1742 801 1833 832 non
1850 801 1909 832 ex
1926 784 2117 832 naturali

454 845 634 892 ratione
649 846 860 905 provenit
880 884 892 901 ‚
903 845 1030 906 quod
1047 857 1173 891 mare
1189 860 1248 890 eo
1268 862 1361 908 quo
1379 846 1575 894 diximus
1598 847 1717 895 sensu
1732 863 2003 911 occupatum
2018 863 2114 894 non

454 906 519 954 est
539 945 551 963 ,
570 921 647 953 aut
663 909 878 968 occupari
893 908 993 965 jure
1011 923 1100 953 non
1115 910 1277 970 potuit.
1308 908 1436 956 Nam
1456 911 1504 954 &
1520 909 1684 956 flumen
1697 911 1926 973 publicum
1951 910 2013 958 est
2031 948 2043 967 ,
2061 925 2112 958 ut

455 968 633 1025 scimus,
656 971 705 1015 &
719 984 870 1016 tamen
888 971 955 1029 jus
972 970 1166 1033 piscandi
1189 972 1234 1016 in
1251 970 1522 1019 diverticulo
1538 973 1730 1019 fluminis
1758 976 1968 1037 occupati
1985 977 2012 1020 a
2027 975 2117 1035 pri-

458 1047 570 1082 vato
589 1032 751 1096 potest.
765 1033 840 1080 sed
858 1032 973 1079 &de
990 1034 1105 1080 mari
1117 1032 1289 1079 dietum
1307 1038 1333 1081 {t
1354 1034 1494 1080 Paulo
1508 1034 1585 1090 est,
1602 1035 1631 1082 si
1649 1037 1783 1083 maris
1799 1038 2029 1099 proprium
2045 1038 2116 1096 jus
2134 1041 2173 1076 L·
2200 1043 2240 1078 Si
2255 1043 2344 1092 quis-

458 1095 517 1144 ad
530 1095 725 1156 aliquem
741 1097 974 1157 pertineat,
994 1096 1059 1143 uti
1071 1095 1601 1159 poffidetisinterdistum
1631 1100 1672 1143 ei
1687 1113 1951 1162 competere
1968 1119 1984 1157 3
1999 1114 2116 1161 quo-
2128 1101 2244 1170 guam.
2257 1088 2347 1123 0³²⁶

461 1160 586 1206 niam
598 1156 656 1204 ad
669 1159 897 1220 privatam
913 1160 1004 1213 iam
1021 1158 1198 1206 causam
1214 1161 1410 1222 pertinet
1426 1176 1517 1206 non
1530 1159 1587 1207 ad
1605 1160 1828 1223 publicam
1847 1162 1937 1209 haec
1953 1174 2117 1218 res,ut-
2130 1137 2350 1230 stiffi-remp.

460 1235 570 1285 pote
583 1236 689 1267 cum
712 1219 771 1266 de
788 1223 887 1280 jure
900 1220 1082 1268 fruendi
1099 1236 1257 1286 agatur
1270 1260 1283 1278 ‚
1299 1221 1423 1285 quod
1450 1238 1510 1269 ex
1538 1225 1711 1287 privata
1726 1223 1857 1272 caufia
1884 1225 2115 1286 contingit,
2136 1232 2176 1264 L.
2191 1231 2347 1285 ῤ’ςηεςρ·

460 1300 554 1331 non
570 1299 628 1330 ex
644 1282 822 1343 publica
838 1284 938 1333 :ubi
959 1281 1078 1331 haud
1105 1283 1243 1332 dubie
1276 1289 1300 1315 *
1337 1285 1395 1332 de
1423 1287 1587 1349 exigua
1616 1289 1711 1349 agit
1739 1289 1875 1334 maris
1890 1288 2116 1351 portione,
2135 1276 2175 1310 ‘³‘
2188 1290 2324 1323 ‘'¹¹¹‘'m‘

493 1364 557 1394 uae
573 1348 619 1392 in
633 1345 825 1394 fundum
839 1349 1062 1409 privatum
1083 1348 1365 1396 admittitur:
1385 1350 1512 1410 quod
1545 1351 1570 1380 *
1605 1354 1631 1397 {t
1648 1350 1839 1397 Lucullo
1871 1351 1920 1395 &
1938 1350 2032 1396 aliis
2048 1347 2118 1394 fa-

460 1364 584 1457 }tum
599 1409 808 1473 legimus.
821 1410 1028 1459 Valerius
1043 1411 1278 1460 Maximus
1295 1411 1353 1458 de
1372 1411 1429 1459 C.
1452 1412 1615 1472 Sergio
1628 1413 1807 1461 Orata:
1824 1412 2117 1472 Peculiariafibi
2135 1411 2297 1447 L.1x.1.

462 1478 593 1519 maria
607 1479 846 1531 excogitavit,
866 1478 1039 1532 asinariis
1055 1479 1320 1533 intercipiendo
1343 1479 1494 1535 stulius.
1528 1476 1622 1524 Sed
1645 1476 1768 1522 idem
1787 1474 1937 1538 postea
1959 1481 2118 1520 contra
2136 1475 2320 1525 [κῶν-’,Μ’

461 1549 672 1582 veterum
690 1534 1108 1583 Iurisconfisstorum
1125 1535 1329 1598 responsa
1347 1537 1406 1584 ad
1439 1541 1463 1568 *
1499 1539 1688 1594 πρόθυρα,
1703 1538 1752 1584 id
1770 1535 1830 1584 est
1850 1536 2060 1584 vestibula
2076 1537 2120 1582 in
2133 1532 2235 1611 ᾗῇ,
2247 1527 2351 1598 ‘gf‘je

461 1596 707 1660 Bosphoro
725 1598 956 1645 Thracico
975 1598 1191 1655 produxit
1221 1598 1320 1646 Leo
1352 1600 1610 1661 Imperator
1629 1641 1640 1658 ‚
1656 1616 1706 1647 ut
1722 1617 1774 1648 ea
1792 1615 1976 1662 quoque
1992 1598 2123 1661 septis
2138 1593 2276 1659 injnnis.

495 1657 728 1708 uibusdam
746 1678 855 1723 quas
873 1662 1010 1718 ἒποχσές
1028 1661 1267 1719 vocabant,
1287 1664 1456 1710 includi
1475 1703 1486 1722 ,
1506 1667 1554 1711 δε
1570 1666 1782 1727 privatim
1795 1661 2007 1709 vindicari
2022 1659 2124 1726 poss-

482 1737 573 1771 ent.
597 1722 741 1786 Qod
757 1725 786 1770 fi
806 1727 1089 1787 privatorum
1102 1723 1253 1771 fundis
1271 1726 1439 1788 aliquid
1454 1728 1590 1775 maris
1603 1726 1747 1791 potest
1765 1725 1992 1781 accedere,
2012 1740 2123 1787 qua-

465 1799 595 1834 tenus
610 1786 825 1833 inclusum
844 1804 1007 1850 nempe
1042 1787 1103 1834 cst
1119 1826 1130 1843 ,
1155 1788 1204 1832 &
1232 1789 1295 1835 ita
1324 1791 1537 1854 exiguum
1564 1804 1613 1835 ut
1631 1788 1757 1836 fundi
1783 1790 1937 1851 portio
1958 1786 2124 1834 censeri

464 1847 604 1915 possit
620 1887 631 1905 ‚
652 1865 732 1895 nec
751 1866 843 1911 quo
861 1852 1007 1906 minus
1029 1850 1077 1897 id
1095 1852 1170 1898 fiat
1186 1866 1404 1915 repugnat
1435 1856 1505 1912 jus
1521 1867 1684 1900 naturae
1702 1873 1717 1911 3
1733 1850 1836 1914 quid
1845 1853 1887 1897 ni
1904 1853 1951 1896 δε
1968 1851 2122 1916 portio

422 1945 423 1948 =
466 1913 603 1959 maris
616 1912 779 1959 inclusa
795 1912 1025 1961 littoribus
1040 1915 1136 1971 ejus
1155 1915 1235 1963 fiat
1249 1915 1417 1979 populi,
1434 1931 1652 1962 eorumve
1669 1913 1945 1978 populorum
1964 1949 1973 1963 ,
1992 1914 2122 1973 cujus

465 1991 722 2038 quorumve
741 1975 834 2021 sunt
850 1976 1022 2030 littora,
1043 1976 1153 2022 dum
1171 1992 1223 2023 ea
1232 1993 1331 2040 pars
1348 1978 1482 2025 maris
1498 1979 1556 2025 ad
1574 1977 1850 2025 territorium
1871 1976 2126 2037 comparati

466 2054 562 2086 non
578 2040 730 2089 maior
742 2038 793 2084 sit
812 2077 824 2095 ,
841 2056 974 2100 quam
989 2037 1310 2098 diverticulum
1335 2043 1470 2087 matis
1493 2055 1803 2101 comparatum
1824 2038 1881 2085 ad
1898 2040 2126 2100 magnit&

469 2101 623 2147 dinem
640 2100 769 2147 fundi
789 2104 951 2164 privati
968 2101 989 2147 ἐ’
1005 2100 1110 2149 Nec
1128 2101 1302 2149 obstare
1318 2103 1443 2166 quod
1463 2120 1587 2150 mare
1604 2119 1694 2149 non
1710 2104 1906 2164 undique
1923 2100 2127 2147 includa-

466 2178 556 2220 tur,
570 2163 782 2224 exempl.)
800 2165 992 2213 fluminis
1008 2204 1021 2221 ,
1036 2166 1222 2230 intelligi
1251 2167 1395 2228 potest
1410 2205 1420 2222 ,
1436 2168 1485 2212 &
1502 2168 1715 2228 exemplo
1748 2166 1884 2211 maris
1898 2163 1955 2210 ad
1973 2163 2127 2210 villam

469 2226 667 2274 admissi.
703 2225 795 2273 Sed
809 2227 950 2275 multa
967 2245 1061 2290 qua:
1076 2244 1232 2275 natura
1250 2231 1468 2289 permittit
1482 2267 1492 2283 ‚
1514 2231 1581 2288 jus
1598 2230 1798 2292 gentium
1816 2243 1874 2273 ex
1896 2224 2127 2272 communi

469 2288 672 2352 quodam
707 2290 922 2337 consensu
955 2291 1106 2352 potuit
1122 2290 1381 2355 Prohibere.
1410 2294 1561 2354 Qre
1588 2291 1745 2353 quibus
1767 2292 1809 2336 in
1828 2291 1937 2335 locis
1953 2289 2041 2336 tale
2055 2289 2128 2346 jus

470 2354 673 2416 gentium
687 2354 831 2414 viguit
850 2392 861 2409 ,
882 2370 1023 2415 neque
1039 2357 1269 2401 communi
1287 2354 1496 2402 consensu
1523 2350 1739 2399 sublatum
1759 2352 1819 2397 est
1838 2390 1849 2408 ‚
1869 2353 2003 2397 maris
2018 2362 2131 2412 por-

472 2416 542 2462 'tio
557 2417 763 2477 quamvis
784 2417 1232 2477 exigua,&stmaxima
1243 2417 1306 2465 sui
1321 2429 1445 2482 parte
1458 2416 1621 2464 inclusa
1635 2414 1925 2471 littoribus‚in
1940 2415 2007 2471 jus
2020 2424 2130 2474 pro-

471 2479 621 2543 prium
637 2480 791 2540 populi
807 2479 990 2539 alicujus
1004 2496 1094 2525 non
1105 2480 1347 2527 concedet.
1435 2534 1437 2537 ,

538 2539 588 2587 X
605 2536 641 2585 I.
675 2539 844 2587 Verum
867 2542 1117 2588 notandum
1135 2545 1292 2599 etiam,
1313 2543 1341 2589 fi
1360 2541 1517 2606 quibus
1530 2544 1573 2588 iu
1590 2541 1700 2587 locis
1716 2541 1783 2600 jus
1800 2537 1914 2607 illud
1926 2535 2132 2599 gentium

474 2601 535 2650 de
551 2603 664 2648 mari
682 2618 917 2665 receptum
935 2620 1027 2650 non
1042 2604 1147 2651 esset
1165 2641 1175 2654 ‚
1195 2615 1270 2652 aut
1305 2606 1551 2655 sublatum,
1571 2619 1723 2649 tamen
1739 2619 1796 2648 ex
1813 2618 1869 2648 eo
1888 2601 1982 2646 lolo
2000 2598 2132 2659 quod

478 2671 621 2713 'terras
635 2665 826 2728 populus
844 2668 1076 2728 occuparit
1092 2683 1217 2714 mare
1228 2682 1497 2731 occupatum
1512 2666 1666 2729 colligi
1678 2680 1767 2711 non
1788 2663 1922 2728 poss'e:
1940 2676 2022 2708 nec
2038 2661 2133 2706 ani-

477 2731 542 2775 mi
559 2726 707 2773 actum
718 2727 930 2786 sufficere,
950 2729 1026 2776 sed
1043 2729 1143 2776 astu
1158 2746 1349 2778 externo
1365 2731 1450 2778 effe
1462 2746 1591 2792 opus,
1609 2727 1726 2774 unde
1740 2726 1980 2787 occupatio
1997 2721 2136 2786 poffit
2317 2783 2324 2791 ι

476 2790 680 2852 intelligi.
718 2790 899 2837 Deinde
932 2808 1044 2838 vero
1071 2792 1101 2840 fi
1134 2792 1365 2840 deseratur
1394 2791 1673 2857 poffeffioex
1686 2789 1985 2852 occupatione
2015 2799 2133 2840 nata,
2156 2784 2351 2864 ngl’fgffffd

477 2855 572 2914 jam
597 2868 719 2899 marc
734 2853 880 2900 redire
905 2855 961 2901 ad
980 2869 1179 2902 veterem
1213 2871 1415 2902 naturam
1436 2895 1447 2913 ,
1469 2855 1516 2902 id
1533 2854 1593 2900 est
1609 2853 1668 2899 ad
1683 2851 1804 2899 usum
1822 2863 2111 2916 communem
2128 2862 2139 2893 :
2155 2841 2243 2922 {ff}
2289 2853 2298 2863 '
2333 2849 2347 2860 ⁹

480 2914 608 2977 quod
620 2912 678 2961 de
694 2914 804 2961 inaed
821 2916 953 2963 ficato
971 2917 1126 2964 littore
1141 2921 1210 2965 ref
1209 2934 1239 2981 p
1247 2919 1379 2966 ondit
1399 2918 1666 2982 Papinianus
1686 2954 1697 2973 ,
1713 2915 1826 2961 &de
1839 2912 2139 2977 piscationem

481 2977 671 3025 fluminis
686 2977 975 3025 diverticulo.

548 3039 599 3086 X
613 3038 634 3086 I
648 3039 685 3086 Ι.
721 3039 838 3086 Illud
854 3056 1029 3088 certum
1046 3041 1109 3090 est
1125 3083 1136 3100 ,
1156 3044 1290 3090 etiam
1318 3043 1394 3104 qui
1419 3055 1544 3089 mare
1573 3040 1862 3103 occupaverit
1889 3034 2141 3099 navigatio-

484 3113 588 3151 'nem
601 3101 822 3172 impedite
839 3118 930 3149 non
947 3105 1068 3165 posse
1083 3107 1299 3151 inermem
1317 3107 1366 3151 δε
1384 3106 1632 3155 innoxiam,
1659 3102 1841 3163 quando
1863 3116 1941 3146 nec
1957 3114 2035 3160 per
2048 3112 2139 3143 tet·
2151 3102 2322 3166 Tqucvdid.

485 3180 584 3210 ram
600 3165 701 3210 talis
713 3164 917 3212 transitus
935 3168 1164 3229 prohiberi
1191 3169 1339 3232 potest
1355 3206 1366 3225 ‚
1399 3168 1697 3230 qui&1niiius
1714 3164 1797 3212 esse
1816 3162 1926 3210 solet
1951 3158 2141 3207 necess'a-
2157 3154 2213 3187 ²¹⁰·
2230 3161 2267 3188 Π
2280 3159 2308 3185 ¹·

484 3228 576 3273 rius
593 3228 641 3271 δε
653 3228 793 3291 magis
805 3229 982 3275 noxius.
2105 3286 2115 3292 ,

549 3287 600 3336 X
621 3289 640 3335 1
658 3290 678 3337 Ι
696 3289 729 3336 Ι.
757 3289 818 3340 Vt
836 3305 989 3338 autem
1018 3289 1163 3340 solum
1194 3293 1220 3325 *
1254 3293 1494 3356 imperium
1527 3294 1572 3340 in
1606 3291 1739 3398 xiiatis
1766 3300 1941 3351 partem
1957 3286 2044 3333 fine
2063 3284 2148 3329 aha

2040 3362 2152 3410 pro-2
