2380 3917
466 325 532 369 142
836 313 1687 355 nervnsnizttt

463 387 573 450 pulo
599 383 740 431 libero
759 381 969 429 adversus
981 381 1203 444 populum
1220 382 1430 434 liberum,
1445 385 1519 443 jus
1531 383 1700 444 acquin‘
1718 381 1914 446 poffe,ut
1929 383 2138 446 express‘o

461 447 688 503 consensu,
712 450 774 492 ita
792 444 1083 491 derelictione
1101 480 1112 498 ‚
1131 446 1180 490 &
1196 460 1301 491 eam
1318 444 1388 492 sec
1422 461 1467 493 ta
1485 485 1498 504 ,
1515 461 1592 492 aut
1611 459 1670 491 ex
1688 461 1743 492 ea
1760 447 1853 492 vim
1873 461 2042 494 novam
2062 463 2141 495 ca-

462 516 610 575 piente
629 507 1000 569 apprehensione.
1031 519 1138 551 nam
1155 506 1285 567 quod
1297 506 1386 554 dici
1413 524 1465 555 ur
1479 547 1491 566 ,
1553 524 1617 555 uae
1631 506 1690 554 ab
1704 508 1837 554 initio
1856 523 1949 554 non
1968 508 2137 565 valent,

461 591 517 621 cx
536 574 631 635 post
652 571 772 617 fac'to
787 567 1102 615 convalescere
1121 581 1213 612 non
1227 566 1350 629 poffe
1368 606 1380 624 ‚
1400 568 1517 614 hanc
1566 570 1672 614 abet
1685 571 2005 633 exceptionem
2025 610 2037 628 ‚
2057 571 2138 620 nisi

461 637 588 685 causa
615 651 733 681 nova
753 636 819 693 jus
838 648 916 695 per
933 632 975 679 le
993 645 1149 695 parere
1168 628 1337 676 idonea
1354 629 1662 677 intercesserit.
1697 629 1918 680 Similiter
1934 634 1984 679 &
2000 633 2139 681 alicu-

463 704 533 762 jus
554 698 705 761 populi
719 713 799 742 rex
829 711 960 741 verus
979 694 1189 740 amittere
1206 694 1380 756 poterit
1398 705 1586 757 regnum
1602 693 1651 740 Sc
1667 694 1842 758 populo
1863 694 2016 755 subjici
2037 717 2053 755 ;
2087 698 2138 744 &

461 764 537 826 qui
558 776 715 807 revera
730 775 822 805 non
838 774 934 814 rex,
955 755 1026 802 sed
1045 757 1254 820 princeps
1272 771 1384 811 erat,
1395 759 1418 787 *
1437 772 1518 803 rex
1534 755 1713 804 summo
1729 767 1833 805 cum
1847 758 2042 821 imperio
2055 759 2138 807 fie-

461 828 497 872 ri
513 842 525 881 3
541 826 587 869 δε
607 823 829 869 summum
846 822 1090 884 imperium
1107 817 1236 880 quod
1253 832 1390 883 penes
1408 819 1630 884 populum
1644 858 1656 878 ,
1676 831 1753 868 aut
1763 836 1900 886 penes
1916 836 2073 887 regem
2088 823 2135 870 in

460 886 655 936 solidum
675 901 788 938 erat,
809 885 928 930 inter
945 899 1028 930 eos
1045 880 1215 929 dividi.

525 948 572 995 X
594 949 611 995 1
631 948 667 995 1.
706 947 824 994 Illud
840 949 977 993 etiam
1006 945 1212 1009 indagari
1229 957 1376 1008 operae
1401 947 1597 1008 pretium
1614 946 1676 994 est
1693 968 1709 1006 ;
1741 963 1796 994 an
1812 947 1887 995 lex
1902 946 1962 995 de
1978 946 2136 996 usuca-

458 1015 595 1077 pione
614 1027 690 1058 aut
709 1007 1041 1073 praescriptione
1059 1045 1071 1064 ,
1092 1005 1280 1054 condita
1298 1007 1357 1054 ab
1373 1022 1449 1065 eo,
1469 1013 1546 1072 qui
1562 1010 1728 1058 habeat
1746 1010 1970 1058 summum
1988 1011 2135 1075 impe-

457 1079 589 1131 rium,
643 1075 833 1122 ertineat
849 1074 987 1119 etiam
1005 1070 1091 1119 adi
1126 1067 1223 1117 sum
1240 1072 1308 1130 jus
1329 1071 1575 1134 imperii,&
1593 1076 1689 1134 ejus
1705 1087 1856 1137 partes
1871 1074 2135 1122 necessarias

224 1147 313 1179 Bm·
329 1154 360 1178 m
384 1144 408 1177 l·
458 1155 568 1202 quas
585 1154 611 1185 a
628 1138 690 1185 ibi
709 1134 1054 1199 explicavimus.
1130 1135 1326 1180 ertinere
1365 1133 1575 1183 arbitrari
1605 1136 1814 1184 videntur
1829 1135 2135 1184 Iurisconsulti

226 1190 338 1235 ‘⁴⁰74‘ss
351 1191 438 1271 [ἓξ
459 1218 552 1249 non
569 1201 700 1265 pauci
716 1238 728 1257 ,
751 1200 827 1263 qui
843 1197 1106 1262 quaestiones
1121 1195 1181 1242 de
1199 1195 1375 1243 iummo
1394 1198 1591 1260 imperio
1610 1215 1669 1247 ex
1684 1201 1786 1260 jure
1798 1199 1994 1248 tractant
2011 1200 2135 1247 civili

222 1240 438 1330 {5321ss
460 1265 800 1314 Romanorum.
833 1266 860 1294 *
891 1259 1000 1309 Nos
1032 1261 1166 1308 aliter
1196 1258 1482 1307 arbitramur.
1518 1279 1619 1310 nam
1638 1277 1688 1310 ut
1707 1264 1805 1326 quis
1822 1261 1997 1327 legibus
2014 1262 2134 1310 obli-

221 1333 391 1376 r-‘uv-arc·
459 1343 594 1393 getur
610 1365 622 1385 ,
659 1326 906 1390 requiritur
923 1325 969 1372 in
984 1323 1096 1388 legis
1110 1321 1297 1371 auditore
1316 1361 1327 1378 ,
1358 1324 1407 1369 &
1424 1325 1617 1385 potestas
1635 1327 1685 1372 &
1700 1326 1910 1373 voluntas
1925 1365 1938 1383 ,
1973 1325 2135 1374 saltem

222 1378 365 1458 ffw’fi
376 1388 437 1422 70³
460 1391 742 1456 praesumpta.
753 1385 812 1436 Se
826 1405 905 1451 per
913 1388 1110 1435 modum
1129 1387 1257 1449 legis,
1277 1383 1320 1431 id
1340 1385 1401 1433 est
1417 1401 1498 1449 per
1515 1388 1709 1435 modum
1728 1388 1970 1453 superioris
1986 1428 1998 1446 ,
2013 1388 2136 1445 obli-

225 1434 413 1514 &ss112st
458 1469 568 1518 gare
587 1467 724 1499 nemo
741 1451 920 1515 potest:
948 1453 998 1498 δί
1014 1451 1120 1498 hinc
1149 1449 1213 1495 est
1238 1447 1366 1511 quod
1399 1450 1551 1512 legum
1569 1451 1776 1511 auctores
1790 1452 1960 1500 habent
1984 1456 2052 1510 jus
2072 1451 2135 1498 le-

221 1522 323 1609 ⁶11th-
336 1529 367 1561 ρ·
385 1528 423 1563 42
459 1532 538 1579 ges
556 1513 651 1563 suas
669 1515 906 1563 mutandi:
942 1513 1096 1562 Potest
1121 1526 1275 1581 tamen
1293 1513 1392 1574 quis
1411 1512 1604 1580 obligari
1629 1514 1704 1562 sua
1720 1515 1821 1582 lege
1839 1532 1928 1563 non
1944 1513 2132 1584 dire-Cic,

221 1576 280 1645 ζῇ
293 1575 438 1619 5‘·⁷”⁴“'
459 1577 531 1626 sed
551 1595 630 1643 per
648 1578 944 1626 reflexionem
959 1614 971 1631 ,
993 1579 1018 1606 *
1038 1591 1128 1638 qua
1143 1572 1312 1622 sedicet
1329 1591 1431 1639 pars
1445 1576 1506 1623 est
1522 1579 1860 1625 communitatis
1874 1594 1932 1624 ex
1947 1590 2135 1640 aequita-

223 1612 406 1695 62.¹ft‘⁸'n‘
459 1656 505 1688 te
523 1641 744 1696 naturali,
773 1655 869 1702 quae
885 1654 1038 1703 partes
1055 1637 1154 1684 vult
1180 1639 1402 1702 componi
1419 1639 1478 1686 ad
1495 1642 1720 1687 rationem
1738 1641 1915 1704 integri.
1951 1639 2078 1703 quod
2104 1644 2134 1689 ὲ

220 1712 314 1742 aint-
333 1705 433 1751 Corse-
459 1704 598 1751 Saule
609 1706 653 1750 in
669 1705 796 1767 regni
813 1703 952 1749 initiis
971 1699 1266 1748 observatum
1285 1715 1416 1749 notat
1434 1701 1554 1749 sacra
1567 1702 1750 1750 historia
1764 1701 1893 1750 Sam.
1909 1717 2006 1752 x1v
2023 1741 2033 1755 ,
2047 1715 2133 1765 40.

223 1762 271 1787 ²¹⁶⁴
283 1754 323 1808 3¹⁶
339 1766 411 1790 ‘’⁶“
462 1766 549 1814 Sec
566 1770 656 1815 hoc
671 1768 748 1814 hic
764 1767 918 1813 locum
937 1780 1029 1812 non
1048 1761 1188 1811 habet
1209 1801 1221 1820 ‚
1247 1766 1353 1826 quia
1366 1764 1517 1830 legum
1534 1765 1764 1813 auCtorem
1785 1766 1857 1813 hic
1874 1766 2134 1815 considera-

220 1810 437 1895 2‘522322522
459 1847 559 1878 mus
578 1869 590 1887 ,
607 1847 699 1877 non
719 1842 769 1877 ut
784 1843 960 1893 partem
980 1867 991 1884 ‚
1021 1826 1098 1874 sed
1113 1841 1163 1874 ut
1181 1842 1286 1873 eum
1303 1828 1350 1873 in
1362 1843 1455 1888 quo
1474 1829 1617 1876 virtus
1632 1829 1731 1876 infit
1744 1831 1920 1894 integri.
1956 1832 2133 1895 agimus

216 1894 278 1939 scr.
298 1906 316 1932 2
332 1906 385 1943 ,p.
404 1903 438 1938 5-
458 1896 579 1941 enim
612 1894 672 1940 de
691 1893 868 1941 summo
881 1892 1082 1956 imperio
1112 1905 1201 1953 qua
1214 1890 1324 1936 tale.
1361 1889 1455 1937 Sed
1482 1907 1564 1938 nec
1595 1892 1804 1940 voluntas
1819 1892 2005 1941 adfuisse
2021 1909 2132 1954 prae-

217 1953 320 2033 ’ξιξ
336 1946 437 2024 21·““
463 1957 650 2004 sumitur
680 1973 690 2004 τ
716 1958 817 2019 quia
835 1955 987 2016 legum
1019 1953 1227 2000 austores
1259 1970 1349 2000 non
1378 1954 1610 2001 censentur
1627 1955 1669 2003 se
1691 1955 1806 2003 velle
1829 1959 2133 2021 comprehcn-

223 2000 434 2083 qfffssznp.
462 2020 572 2067 dere
593 2059 603 2073 ,
640 2020 718 2066 nili
737 2021 814 2067 ubi
829 2008 1084 2065 &inareria
1102 2018 1152 2063 &
1168 2017 1289 2063 ratio
1315 2016 1429 2079 legis
1447 2016 1543 2064 sunt
1560 2018 1828 2066 universales
1845 2054 1858 2075 ,
1893 2020 2003 2067 utin
2022 2021 2132 2067 :rsti-

223 2086 333 2119 cam.
346 2088 378 2118 in
393 2098 420 2118 ⁶·
460 2083 643 2130 mandis
664 2099 815 2129 reruni
833 2082 1007 2144 pretiis.
1042 2080 1102 2126 At
1120 2079 1347 2127 summum
1363 2081 1600 2145 imperium
1625 2098 1714 2127 non
1731 2081 1793 2129 est
1810 2085 1925 2144 paris
1943 2083 2130 2130 rationis

220 2132 441 2210 feccqeuqnste
459 2163 564 2194 cum
583 2146 718 2193 rebus
735 2145 861 2192 aliis:
897 2144 995 2190 imo
1013 2142 1257 2189 nobilitate
1276 2141 1348 2189 sua
1367 2158 1439 2190 res
1457 2144 1562 2192 alias
1585 2146 1778 2191 multum
1797 2145 1994 2192 excedit.
2026 2145 2132 2193 Ne-

227 2191 439 2274 &diff-³9¹3»
462 2226 548 2272 que
573 2210 705 2255 ullam
727 2207 819 2254 vidi
847 2208 998 2271 legem
1016 2205 1197 2253 civilem
1217 2204 1276 2252 de
1294 2204 1629 2269 praescriptione
1644 2223 1853 2271 agentem
1872 2248 1883 2265 ‚
1901 2225 1996 2272 quae
2011 2209 2132 2256 sum-

221 2268 299 2315 fine.
460 2289 588 2320 mum
606 2272 846 2334 imperium
857 2268 1291 2332 comprehenderet,
1307 2284 1383 2315 aut
1401 2271 1798 2333 comprehendere
1815 2272 2003 2320 voluisse
2020 2286 2133 2335 pro-

459 2336 668 2382 babiliter
686 2333 850 2381 censeri
869 2332 1030 2396 poss‘et.
1047 2331 1183 2381 Vnde
1200 2330 1410 2394 sequitur,
1434 2349 1578 2395 neque
1590 2345 1769 2398 tempus
1781 2334 1882 2400 lege
1895 2335 2130 2383 definitum

459 2398 661 2446 sufficere
688 2399 747 2444 ad
762 2396 1085 2458 acquirendum
1110 2389 1337 2441 summum
1353 2396 1596 2458 imperium
1629 2410 1708 2444 aut
1726 2406 1903 2460 partem
1931 2400 2026 2457 ejus
2052 2414 2130 2445 ne-i

458 2461 685 2509 ccffariam
707 2499 718 2516 ,
750 2460 779 2507 fi
803 2459 945 2505 desint
961 2456 1234 2519 conjecturae
1252 2459 1474 2505 naturales
1501 2459 1562 2506 de
1589 2458 1748 2522 quibus
1775 2459 1903 2526 supra
1921 2462 2094 2525 egimus
2114 2477 2129 2511 :

460 2542 602 2586 neque
617 2540 794 2572 tantum
812 2523 1035 2583 temporis
1053 2521 1243 2582 spatium
1262 2521 1428 2584 requiri
1447 2560 1459 2578 ,
1494 2518 1523 2569 fi
1544 2523 1660 2571 intra
1681 2522 1728 2569 id
1748 2534 1924 2589 tempus
1941 2540 2000 2571 eae
2017 2541 2130 2572 con-

459 2589 633 2648 jesturae
652 2601 873 2651 quantum
903 2586 1008 2633 satis
1025 2583 1087 2631 est
1105 2583 1251 2630 adsint
1275 2599 1287 2629 ;
1318 2600 1464 2646 neque
1479 2586 1629 2649 legem
1646 2586 1826 2634 civilem
1845 2604 1939 2651 quae
1957 2588 2130 2651 acquiri

457 2666 587 2698 certo
604 2664 814 2711 tempore
833 2663 901 2696 res
923 2662 1076 2701 vetat,
1095 2644 1153 2694 ad
1173 2662 1244 2695 res
1263 2646 1421 2694 summi
1440 2649 1618 2712 imperii
1639 2651 1876 2713 pertinere.
1895 2649 2042 2698 Poffet
2059 2665 2129 2698 ta-

459 2728 564 2759 men
581 2717 621 2760 in
641 2714 731 2774 ipsa
749 2713 923 2773 imperii
941 2710 1171 2757 delatione
1191 2710 1385 2772 populus
1403 2704 1524 2758 suam
1537 2715 1796 2774 exprimere
1810 2715 2093 2765 voluntatem
2111 2735 2129 2772 ;

459 2792 553 2837 quo
575 2776 718 2821 modo
750 2792 800 2822 ac
829 2789 1042 2837 tempore
1061 2774 1210 2820 amitti
1227 2773 1469 2834 imperium
1497 2790 1591 2822 non
1621 2776 1791 2828 utendo
1826 2777 1966 2841 posset
1985 2796 1998 2827 ;
2030 2793 2128 2840 quae

459 2838 669 2885 voluntas
682 2837 903 2899 sequenda
922 2836 1043 2884 haud
1059 2835 1197 2883 dubie
1214 2835 1319 2882 esset
1335 2873 1346 2891 ,
1364 2852 1445 2884 nec
1462 2837 1642 2903 infringi
1660 2840 1800 2903 posset
1818 2845 1843 2888 a
1860 2857 1969 2903 rege
1985 2841 2126 2895 etiam

458 2896 683 2947 summurn
701 2902 941 2961 imperium
961 2899 1199 2946 obtinente
1222 2914 1234 2945 ε
1263 2900 1369 2960 quia
1385 2916 1476 2947 non
1501 2901 1560 2948 ad
1579 2902 1818 2965 imperium
1834 2902 1976 2967 ipsum
1997 2942 2008 2960 ,
2045 2898 2127 2949 sed

461 2963 519 3009 ad
538 2966 635 3023 ejus
652 2961 845 3009 habendi
875 2963 1068 3010 modum
1097 2962 1343 3019 pertineret
1363 2977 1374 3010 :
1408 2978 1500 3027 quo
1525 2963 1584 3013 de
1608 2963 1864 3015 discrimine
1883 2965 1987 3013 alibi
2005 2965 2128 3013 dixi·

459 3041 575 3071 mus.

526 3088 574 3133 X
594 3084 700 3133 111.
735 3089 801 3133 ha
813 3105 925 3135 vero
951 3106 1044 3151 quae
1072 3089 1129 3135 de
1147 3089 1309 3137 summi
1327 3090 1501 3151 imperii
1531 3105 1685 3139 natura
1702 3107 1793 3139 non
1810 3094 1906 3139 sunt
1928 3132 1939 3149 ,
1977 3104 2059 3139 nec
2074 3106 2126 3138 ut

458 3151 758 3210 proprietates
777 3154 997 3197 naturales
1014 3153 1069 3198 ad
1088 3168 1188 3199 cam
1204 3154 1443 3215 pertinent,
1463 3152 1490 3199 s
1484 3152 1539 3198 ed
1555 3169 1629 3200 aut
1648 3154 1839 3219 separari
1859 3156 1916 3202 ab
1933 3171 1984 3201 ea
2001 3170 2127 3202 natu-

461 3213 609 3257 raliter
628 3213 816 3272 poffunn
833 3230 907 3260 aut
927 3214 1077 3261 saltem
1096 3232 1201 3261 cum
1217 3216 1312 3261 aliis
1328 3218 1667 3274 communicari,
1685 3220 1876 3266 omnino
1892 3217 2124 3277 subjacent

462 3275 632 3335 legibus
652 3276 804 3335 populi
824 3277 1033 3337 cujusque
1061 3279 1265 3325 civilibus
1282 3295 1376 3340 quae
1392 3276 1450 3324 de
1467 3278 1738 3342 usucapione
1756 3283 1804 3326 &
1829 3279 2125 3344 praescriptio-

462 3350 516 3382 ne
531 3336 654 3387 fastae
671 3337 785 3389 sunt.
819 3339 893 3388 Sic
923 3339 1128 3390 subditos
1150 3340 1232 3392 effe
1254 3341 1459 3394 videmus
1475 3344 1549 3405 qui
1565 3343 1898 3410 praescriptione
1910 3341 2124 3405 acquifie-

2001 3413 2121 3458 runt,
