2380 3917
558 351 1074 420 LIBRI
1192 344 1857 406 TERT11

903 454 1495 512 CAPITAe

378 602 422 650 1,
750 604 920 641 Vantum
935 598 976 637 in
994 591 1084 634 bello
1099 590 1210 634 liceat
1226 624 1238 639 ‚
1256 590 1383 649 regula
1395 585 1587 649 generales
1603 599 1649 629 ex
1655 585 1743 643 jure
1765 599 1914 633 natura
1932 605 1946 634 .·
1975 588 2044 635 ube·

638 595 744 719 Q
813 653 860 707 δ’
869 659 914 701 a'e
926 657 1016 700 dolis
1037 656 1088 708 &-
1101 654 1313 697 mendacio.
1818 648 1926 714 Pag.
1947 659 2044 714 424

375 721 403 774 I
418 722 454 774 Ι,
640 724 836 766 (Quomodo
844 725 933 780 jure
952 722 1127 778 gentium
1158 716 1255 760 bona
1272 714 1524 772 subditorum
1541 724 1611 771 pro
1635 710 1761 758 debito
1769 717 2045 775 imperantium

641 769 706 786 W
719 787 928 846 obligentur
947 804 958 825 .-
977 782 1043 827 ubi
1060 782 1103 823 de
1115 779 1349 838 repreffizliis.
1941 787 2044 892 44}

376 847 402 897 Ῐ
420 846 491 897 II.
633 855 693 893 De
706 849 794 893 beHo
802 848 901 904 justo
910 845 1143 906 fivefhlenni
1152 860 1241 900 jure
1253 843 1425 901 gentium
1444 853 1457 885 :
1475 838 1544 883 ubi
1560 839 1608 881 de
1627 840 1844 886 indiffione.
1945 853 2012 905 44

371 910 398 959 1
413 910 474 958 V.
627 918 689 956 De
697 913 788 969 jure
803 908 1054 967 interficiendi
1069 908 1182 963 hostes
1196 909 1237 948 in
1254 903 1511 961 bellofhlenni,
1527 901 1663 958 &alia
1680 907 1727 950 vi
1743 908 1785 951 in
1800 906 2045 968 corpus-456

369 971 433 1021 V.
633 980 696 1018 De
708 975 817 1018 rebus
834 974 1034 1031 vastandis
1054 968 1328 1029 eripiendzfiiue
1942 967 2043 1030 468

367 1033 414 1084 V
430 1034 468 1081 I.
631 1043 697 1081 De
706 1041 798 1097 jure
818 1037 1039 1096 acquirendi
1057 1035 1148 1078 bello
1165 1043 1299 1089 captae
1943 1043 2041 1094 471

368 1097 413 1145 V
430 1098 452 1145 Ῑ
469 1097 502 1144 I.
633 1102 696 1142 De
703 1104 799 1158 jure
814 1104 854 1142 in
868 1103 1053 1160 captivos.
1942 1107 2048 1158 490

370 1160 414 1209 V
434 1160 455 1206 Ῑ
471 1159 494 1207 Ῑ
509 1155 544 1205 I.
635 1169 697 1205 De
710 1166 864 1219 imperio
876 1168 918 1207 in
933 1163 1075 1207 vistos·
1947 1169 2047 1221 495

371 1223 395 1272 I
412 1222 476 1271 X.
633 1233 695 1271 De
715 1224 961 1280 Postliminio.
1944 1220 2049 1287 498

369 1286 441 1335 X.
633 1289 788 1331 Manita
801 1288 848 1330 de
873 1287 933 1331 his
956 1303 1035 1348 qua
1045 1285 1154 1343 fiunt
1171 1289 1212 1332 in
1231 1287 1319 1331 bello
1336 1288 1483 1346 injusto.
1947 1283 2049 1352 508

368 1349 422 1397 X
440 1349 481 1396 Ῐ.
635 1357 995 1409 Temperamentum
1011 1354 1110 1395 circa
1117 1355 1183 1409 Jus
1197 1349 1442 1403 interficiendi
1463 1355 1505 1396 in
1523 1348 1737 1410 bellojusto.
1948 1360 2046 1410 512

368 1413 421 1462 X
438 1413 457 1460 I
476 1411 514 1458 Ῑ.
627 1419 986 1470 Temperamemum
1002 1417 1103 1457 circa
1118 1414 1367 1468 vastationem
1385 1413 1610 1474 &fimilim
1942 1424 1975 1473 ’ς’
1984 1427 2047 1479 30

369 1476 423 1526 X
442 1475 462 1523 I
481 1476 502 1522 l
518 1472 552 1521 Ῑ.
638 1481 677 1518 T
675 1488 997 1534 emperamentum
1016 1480 1114 1520 circa
1129 1493 1186 1518 res
1201 1489 1347 1536 captas.
1950 1486 2046 1538 541

369 1539 424 1589 X
440 1539 464 1588 Ῑ
478 1536 543 1585 V.
631 1544 990 1597 Temperamentum
1009 1542 1107 1583 circa
1120 1551 1257 1598 captos.
1951 1549 2043 1605 543

370 1603 426 1653 X
440 1601 501 1649 V.
628 1606 988 1659 Temperamentum
1003 1605 1100 1645 circa
1112 1600 1392 1661 acquzfitionem
1415 1603 1587 1664 imperii·
1951 1614 1979 1664 ς’
1987 1614 2010 1661 5
2018 1615 2045 1653 Ι

371 1665 425 1715 X
438 1665 482 1713 V
501 1663 539 1711 I.
631 1670 669 1706 T
668 1676 990 1722 emperamentum
1005 1669 1102 1707 circa
1115 1680 1160 1707 ea
1174 1679 1250 1724 quae
1256 1669 1347 1723 jure
1356 1671 1527 1724 gentium
1536 1667 1771 1728 postliminio
1784 1681 1932 1716 carent.
1954 1678 1979 1726 ς
1988 1665 2048 1724 ς6

372 1729 427 1778 X
443 1727 485 1776 V
503 1726 525 1773 Ῑ
543 1726 578 1773 Ι,
640 1735 702 1771 De
718 1728 778 1771 his
791 1730 861 1788 qui
874 1730 915 1772 in
927 1729 1017 1771 bello
1033 1727 1155 1770 medii
1162 1728 1278 1782 sunt.
1955 1741 2050 1796 559

372 1792 426 1840 X
437 1788 511 1839 VI
525 1791 545 1836 1
563 1786 601 1835 I.
633 1796 696 1833 De
710 1791 772 1835 his
783 1805 858 1851 quae
874 1794 916 1835 in
933 1791 1022 1834 bello
1030 1790 1175 1849 publico
1184 1791 1382 1846 privatim
1392 1789 1518 1850 fiunt.
1952 1794 2049 1854 564

373 1855 428 1903 X
444 1853 464 1901 Ῑ
481 1851 551 1900 Χ.
632 1860 695 1896 De
702 1850 784 1909 fide
798 1857 896 1898 inter
908 1854 1041 1908 hostes.
1952 1854 2048 1916 566

371 1917 426 1969 X
441 1915 512 1967 Χ,
637 1923 700 1960 De
719 1917 799 1973 fide
817 1916 970 1976 publica
985 1930 1064 1977 qua
1076 1914 1215 1961 bellum
1227 1913 1359 1967 finitur
1374 1939 1386 1962 .·
1409 1921 1476 1964 ubi
1489 1921 1533 1963 de
1543 1923 1647 1980 pacis
1657 1923 1828 1981 pailione
1840 1954 1852 1969 ,
1873 1922 1922 1966 de
1924 1923 2048 1981 sorte,

718 1981 767 2024 de
784 1981 989 2024 certamine
1003 1977 1184 2033 candiae,
1203 1978 1251 2021 de
1261 1981 1441 2030 arbitrio,
1456 1984 1648 2029 deditione
1663 2017 1675 2032 ‚
1695 1983 1881 2043 obsidibus
1892 2019 1904 2034 ‚
1915 1988 2050 2046 pigno-

717 2044 836 2088 ribus.
1982 2061 2012 2101 7

372 2107 425 2158 X
441 2107 493 2156 X
507 2104 550 2155 Ῑ.
636 2112 700 2152 De
715 2107 793 2164 fide
807 2143 818 2160 ,
839 2115 1013 2152 manente
1030 2104 1120 2148 beffa
1137 2123 1149 2148 :
1178 2106 1246 2150 ubi
1270 2106 1318 2152 de
1336 2109 1513 2160 induciis.
1533 2125 1742 2164 commeatu
1754 2145 1766 2163 ‚
1797 2053 2048 2172 captivoimss

718 2170 989 2229 redemptione.
1954 2181 2048 2231 592

371 2231 425 2282 X
442 2229 494 2279 X
511 2228 532 2278 Ῑ
547 2229 588 2277 1·
632 2240 695 2278 De
699 2233 783 2288 fide
797 2239 991 2277 minorum
1001 2232 1234 2291 potestatum
1249 2237 1289 2280 in
1307 2235 1409 2280 bello.
1941 2234 2050 2282 600

371 2295 424 2344 X
437 2295 486 2341 X
501 2294 522 2340 I
535 2291 556 2340 I
569 2291 607 2340 I.
636 2304 700 2340 De
704 2295 786 2351 fide
798 2299 965 2355 privata
987 2300 1030 2339 in
1043 2298 1148 2343 bello.
1949 2300 2014 2346 60
2018 2309 2044 2361 3

371 2360 423 2408 X
439 2356 524 2407 XI
541 2354 600 2405 V.
634 2366 698 2402 De
704 2359 782 2416 fide
798 2362 932 2403 tacita.
1947 2359 2050 2408 606

368 2422 425 2475 X
438 2421 489 2475 X
502 2418 565 2475 V.
634 2421 825 2482 Conclufio
840 2436 926 2469 cum
940 2425 1095 2471 monitis
1106 2423 1296 2483 adsolent,
1314 2423 1367 2484 Εἴ
1370 2438 1517 2488 pacem.
1944 2422 2008 2475 60
2019 2423 2050 2475 8

1767 3259 2046 3318 Locl
