2380 3917
125 743 215 778 sm·
235 737 289 773 hb.
300 744 331 777 ι,

123 805 154 823 c.
169 798 203 825 7.

121 839 207 869 Tam.
224 841 259 869 11
273 842 299 868 l·

123 885 187 928 [μβ
201 891 284 916 cave.

123 932 215 965 D.de
227 937 311 971 capt.

124 981 162 1010 L,
175 980 196 1019 fi
220 975 297 1022 qun!

124 1024 198 1058 bello
210 1023 231 1056 ti
255 1032 309 1056 m.

157 2929 174 2957 †
191 2929 282 2960 amin
297 2926 361 2958 he!-

149 2977 205 3008 lo.‘
214 3001 220 3006 .
229 2987 336 3006 marru-

156 3020 363 3058 mutuatim&

349 355 422 394 500
734 336 1635 376 DEIVREBELLI

344 427 498 478 petere
518 411 580 456 ait
597 408 641 454 in
656 405 783 454 bello
804 417 879 451 aut
896 405 940 450 in
959 419 1069 466 pace
1087 419 1098 450 :
1132 402 1255 450 sensu
1273 402 1408 466 paulo
1432 402 1523 449 alio
1537 418 1674 463 quam
1692 418 1787 465 quo
1805 400 1929 450 idem
1947 403 2022 451 di-

349 490 477 523 xerat
499 471 791 534 Pomponius.
826 467 879 514 In
907 482 1020 528 pace
1049 465 1370 529 postliminium
1398 466 1477 511 nifi
1514 465 1646 511 aliter
1668 468 1938 513 convenerit
1958 466 2022 513 est

349 544 373 569 ²*
396 539 463 585 his
481 537 555 598 qui
590 550 678 580 non
695 534 861 579 virtute
878 529 1042 575 bellica
1055 527 1248 590 superati
1263 567 1275 584 ,
1299 526 1376 574 sed
1396 526 1495 574 fato
1513 526 1593 574 suo
1622 526 1887 592 deprehensi
1907 529 2020 586 sunt,

351 617 400 649 ut
413 602 487 664 qui
503 615 604 645 cum
626 596 795 642 bellum
816 591 961 639 subito
977 593 1141 638 exarfit
1159 591 1278 654 apud
1298 589 1449 638 hostes
1469 593 1776 652 reperiuntur.
1811 591 1924 639 Aliis
1940 607 2024 639 au-

352 679 446 711 tem
467 662 654 722 captivis
671 660 713 704 in
733 672 844 722 pace
859 654 1184 720 postliminium
1203 670 1294 700 non
1309 653 1370 700 est
1391 691 1402 709 ‚
1424 658 1447 683 *
1463 655 1541 700 mfi
1557 654 1606 700 id
1620 654 1759 715 pactis
1777 670 1873 702 erat
1891 670 2024 702 com-

388 725 688 777 relienl'um,ut
707 721 881 783 optime
897 733 1003 764 eum
1024 716 1324 781 Tryphonini
1342 716 1497 762 Iocum
1513 716 1727 763 emendat
1741 717 2026 765 doClziffimus

353 745 515 838 l‘etrus
531 785 691 839 Faber,
728 798 820 829 non
839 779 1127 844 improbante
1145 779 1359 839 Cujacio.
1392 795 1499 826 nam
1513 780 1606 826 hoc
1620 781 1669 826 δε
1687 779 1884 842 subjecta
1900 783 2026 828 ratio

358 856 404 900 δε
437 849 693 915 oppositum
728 845 988 892 membrum
1019 859 1177 905 aperte
1193 845 1418 891 evincunt.
1457 852 1594 889 Pacem
1616 847 1773 906 fecerat
1790 849 1952 906 captivis
1967 845 2026 888 di·

358 917 466 972 mtffis
486 951 495 965 ‚
531 921 586 959 ita
603 918 700 957 enim
718 925 968 962 convenerat,
983 908 1125 971 inquit
1139 908 1356 954 Zonaras.
1395 905 1455 953 Et
1474 905 1757 968 Pomponius
1774 923 1787 954 ζ
1798 909 1835 967 fi
1850 913 2031 968 captivm

357 971 488 1039 dequo
506 986 544 1022 in
560 992 647 1036 pace
663 990 822 1018 cautum
829 976 964 1035 fuerat
979 988 1023 1015 ut
1037 974 1195 1020 rediret,
1213 974 1282 1027 lim
1297 975 1504 1017 voluntate
1518 975 1624 1031 apud
1637 974 1752 1029 hostes
1772 972 1934 1030 manfit‚
1952 988 2029 1015 non

357 1048 408 1087 eft
423 1046 456 1084 ei
477 1042 593 1103 poste-a
605 1039 892 1098 postliminium.
928 1031 1115 1082 Paulus:
1149 1043 1186 1078 S:
1204 1041 1244 1080 in
1262 1035 1351 1078 bello
1369 1048 1502 1094 captua
1519 1047 1616 1092 pace
1632 1036 1787 1078 demum
1802 1037 1912 1094 fac-‘ia
1924 1035 2030 1094 refu-

357 1110 431 1165 git,
447 1105 668 1163 pqsffliminio
685 1103 782 1143 redit
797 1100 852 1143 ad
869 1116 954 1143 eum
968 1100 996 1143 ἃ
1011 1115 1084 1160 quo
1093 1103 1221 1158 priore
1233 1098 1321 1141 bello
1343 1111 1472 1157 taptm
1486 1113 1568 1143 erat
1587 1111 1600 1144 :
1628 1097 1662 1155 fi
1672 1099 1784 1141 modo
1799 1113 1876 1143 non
1892 1111 2030 1140 conve-

360 1173 457 1213 nerit
477 1172 519 1211 in
543 1180 628 1225 pace
646 1178 690 1205 ut
707 1167 855 1222 captivi
873 1162 1134 1205 redderentur.
1173 1157 1368 1205 Causam
1397 1171 1478 1204 cur
1505 1158 1566 1205 de
1584 1158 1652 1204 his
1671 1159 1745 1220 qui
1762 1155 1925 1205 bellica
1941 1156 2031 1203 Vir·

361 1242 459 1275 tute
475 1227 591 1288 capti
610 1224 707 1270 sunt
726 1222 772 1269 id
795 1223 1016 1282 placuerit
1033 1236 1091 1268 ex
1107 1220 1271 1269 Servio
1288 1223 1402 1269 hanc
1417 1219 1546 1268 affert
1557 1220 1892 1284 Tryphouinus
1906 1255 1917 1270 ‚
1937 1224 2032 1282 quia

355 1297 456 1354 spem
472 1290 690 1336 revertendi
716 1290 866 1333 civibm
881 1291 923 1332 in
940 1293 1094 1332 virtute
1116 1289 1242 1331 bellica
1257 1290 1377 1346 magis
1390 1303 1508 1348 quam
1527 1286 1569 1331 in
1580 1300 1671 1346 pace
1687 1290 1854 1331 Romani
1883 1286 1947 1344 effe
1961 1301 2034 1328 vo-

359 1359 513 1400 luerunt
532 1388 540 1402 ‚
559 1350 773 1396 nimirum
795 1363 844 1393 ut
861 1347 1016 1395 Livius
1030 1348 1234 1410 loquitur
1251 1345 1308 1393 ab
1320 1349 1508 1410 antiquo
1525 1347 1711 1394 minime
1728 1345 1967 1411 indulgens
1985 1344 2033 1389 in

360 1416 570 1476 captivos
595 1414 769 1459 civitas.
805 1409 898 1457 Sed
928 1411 1018 1458 haec
1047 1412 1169 1457 ratio
1202 1409 1521 1457 Romanorum
1538 1412 1725 1475 propria
1756 1425 1849 1456 non
1881 1407 2033 1471 potuit

362 1478 631 1526 constituere
644 1476 712 1535 jus
727 1477 958 1538 gentium:
987 1475 1137 1537 potuit
1164 1488 1316 1521 tamen
1329 1475 1446 1520 inter
1461 1473 1611 1521 causas
1629 1472 1714 1519 effe
1733 1488 1815 1520 cur
1831 1470 2034 1521 Romani

361 1541 473 1589 illud
498 1542 565 1598 jus
579 1538 637 1585 ab
655 1537 753 1583 aliis
770 1536 979 1599 gentibus
995 1536 1303 1584 introduetum
1321 1539 1370 1584 δε
1392 1536 1471 1600 ipfi
1506 1535 1904 1599 amplecterentur.
1939 1532 2034 1582 Ve-

363 1607 461 1652 rior
493 1603 583 1649 haec
612 1600 673 1647 est
706 1602 826 1647 ratio
844 1639 857 1656 ,
892 1599 1017 1663 quod
1051 1615 1180 1665 reges
1210 1615 1289 1648 aut
1313 1600 1470 1664 populi
1502 1602 1578 1662 qui
1592 1600 1761 1648 bellum
1780 1597 2033 1662 suscipiunt,

364 1665 489 1714 credi
506 1665 665 1712 volunt
682 1661 815 1723 justas
839 1663 916 1710 fibi
945 1662 1070 1710 fuiffe
1094 1662 1242 1710 causas
1253 1680 1333 1711 cur
1359 1663 1408 1711 id
1434 1662 1670 1711 facerent:
1702 1677 1864 1710 contra
1880 1674 2035 1710 autem

367 1729 580 1788 injuriam
600 1725 748 1772 facere
760 1742 842 1772 eos
855 1728 929 1789 qui
949 1726 1186 1773 adversum
1204 1725 1248 1773 se
1265 1743 1392 1774 arma
1408 1725 1581 1774 ferrent
1599 1742 1612 1775 ε
1642 1726 1771 1789 quod
1787 1742 1893 1773 cum
1909 1737 2037 1770 utra-

370 1806 458 1854 que
473 1807 573 1854 pars
602 1788 726 1836 credi
755 1789 889 1836 vellet
910 1827 920 1845 ‚
952 1805 1035 1835 nec
1055 1804 1206 1836 tutum
1235 1789 1341 1837 effer
1374 1805 1530 1853 pacem
1551 1788 1729 1836 servare
1753 1786 2038 1853 cupientibus

371 1855 479 1902 huic
497 1854 540 1900 se
559 1851 876 1898 controverfiae
888 1852 1195 1916 interponere,
1215 1853 1324 1899 nihil
1343 1854 1503 1901 melius
1520 1852 1670 1899 facere
1686 1864 1935 1914 potuerunt
1952 1865 2039 1913 po-

373 1916 464 1981 puh
483 1917 628 1981 pacati
647 1954 657 1971 ‚
679 1930 815 1977 quam
833 1919 856 1946 *
877 1928 924 1960 ut
941 1914 989 1961 id
1003 1916 1128 1977 quod
1143 1915 1354 1963 eveniffet
1368 1932 1454 1979 pro
1472 1917 1571 1975 jure
1589 1917 1873 1978 acciperent:
1903 1928 2040 1975 atque

371 1984 434 2028 ita
447 1993 604 2041 captos
636 1979 679 2024 in
709 1977 809 2024 astu
836 1979 1113 2042 repugnandi
1131 1977 1350 2026 haberent
1367 1978 1487 2042 quali
1517 1994 1574 2024 ex
1592 1978 1702 2038 justa
1717 1977 1848 2025 causa
1862 1991 2039 2041 captos.

378 2045 440 2092 At
452 2043 509 2089 de
528 2042 592 2087 his
606 2041 680 2103 qui
698 2038 822 2086 bello
831 2056 998 2088 exorto
1016 2041 1279 2106 deprehensi
1295 2057 1424 2089 erant
1443 2081 1455 2099 ,
1492 2041 1581 2088 dici
1598 2041 1721 2088 idem
1737 2056 1828 2088 non
1841 2052 2036 2102 poterat.

377 2123 479 2152 nam
499 2107 541 2150 in
559 2103 641 2150 illis
658 2103 827 2149 nullum
845 2105 1015 2163 injuriae
1039 2105 1272 2151 confilium
1303 2105 1412 2168 fingi
1430 2119 1628 2167 poterat.
1663 2104 1844 2152 Tamen
1860 2102 1920 2149 ad
1949 2102 2040 2148 mi-

375 2168 571 2216 nuendas
591 2165 783 2212 hostium
804 2168 919 2213 vires
943 2167 1123 2213 retineri
1142 2183 1222 2214 eos
1246 2182 1457 2215 manente
1473 2167 1598 2215 bello
1629 2184 1721 2214 non
1750 2168 1951 2228 iniquum
1971 2165 2042 2210 vi-

374 2231 565 2278 debatur
583 2247 593 2277 :
630 2230 752 2275 bello
783 2244 934 2275 autem
965 2230 1224 2296 composito
1254 2231 1364 2278 nihil
1391 2230 1580 2279 obtendi
1597 2245 1781 2293 poterat
1797 2229 2040 2292 quominus

374 2295 728 2340 dimitterentur.
766 2294 922 2355 Itaque
939 2292 1200 2340 consensum
1218 2294 1262 2340 in
1284 2295 1374 2341 hoc
1388 2294 1465 2352 est,
1482 2310 1530 2341 ut
1549 2295 1662 2341 tales
1674 2297 1720 2341 in
1739 2308 1850 2354 pace
1866 2289 2042 2354 semper

375 2358 637 2403 libertatem
655 2355 933 2409 obtinerent,
952 2371 1004 2402 ut
1020 2356 1305 2404 confeffione
1321 2360 1516 2420 partium
1536 2359 1800 2404 innocentes
1819 2371 1831 2402 t
1849 2355 1894 2400 in
1907 2368 2042 2401 caete-

378 2436 455 2466 ros
472 2435 581 2465 vero
601 2434 647 2464 ut
664 2417 849 2480 quisque
865 2416 1094 2481 usurparet
1114 2419 1242 2480 quod
1269 2421 1405 2467 vellet
1416 2421 1542 2467 credi
1559 2421 1628 2481 jus
1643 2419 1729 2467 eise
1747 2455 1758 2470 ,
1789 2415 1866 2463 nifi
1886 2430 2042 2480 quate-

378 2499 458 2529 nus
477 2480 600 2544 paChl
624 2482 734 2527 certi
761 2479 928 2542 aliquid
954 2481 1303 2542 praescriberent.
1338 2484 1494 2546 Atque
1519 2483 1716 2529 eandem
1758 2480 1822 2527 ob
1861 2478 2042 2528 causam

384 2547 407 2572 ²*
429 2561 508 2590 nec
529 2544 640 2590 servi
654 2560 734 2589 nec
764 2560 833 2589 res
850 2542 972 2590 bello
990 2559 1128 2607 capra*
1142 2560 1250 2607 pace
1267 2545 1490 2591 reddt‘ttur
1510 2583 1522 2602 ,
1542 2543 1618 2591 nist
1637 2545 1775 2606 pastis
1791 2542 2043 2606 expreflum

382 2608 430 2652 id
450 2608 621 2669 fitzquia
641 2605 786 2652 viCtor
797 2606 917 2652 credi
942 2606 1038 2652 vult
1061 2610 1128 2668 jus
1147 2607 1224 2653 fibi
1246 2607 1374 2654 fuiffe
1392 2609 1469 2655 ista
1490 2608 1715 2669 quaerendi
1738 2609 1838 2655 :cui
1855 2621 2045 2653 contra-

386 2670 552 2724 dicere,
573 2669 617 2714 id
642 2685 751 2715 vero
772 2669 919 2716 fuerat
937 2669 1053 2715 bella
1072 2686 1127 2715 ex
1142 2669 1270 2716 bellis
1287 2669 1432 2716 serere
1450 2689 1461 2719 :
1479 2686 1536 2717 ex
1551 2669 1713 2732 quibus
1726 2683 1911 2733 apparet
1927 2671 2047 2733 inge-

387 2731 508 2777 niose
529 2748 616 2776 non
634 2748 688 2777 ex
708 2748 819 2778 vero
837 2732 1017 2778 allatum
1037 2732 1146 2777 illud
1166 2731 1285 2795 apud
1316 2735 1641 2798 Qntilianum
1668 2749 1754 2797 pro
1783 2730 2049 2782 Thebanis:

386 2794 499 2840 Ideo
519 2796 720 2855 captivos
745 2796 775 2841 fi
796 2797 838 2841 in
857 2796 1050 2858 patriam
1070 2794 1188 2841 suam
1207 2795 1438 2844 redierunt
1458 2835 1469 2850 ‚
1502 2795 1669 2843 liberos
1679 2796 1765 2844 effe
1782 2835 1794 2853 ,
1811 2794 2045 2860 quiabello

387 2873 512 2919 parta
542 2871 630 2901 non
657 2858 729 2902 nisi
763 2858 926 2904 eadem
949 2859 992 2902 vi
1012 2857 1336 2920 postideantur.
1371 2860 1586 2907 Diximus
1603 2859 1662 2907 de
1691 2876 1818 2923 pace.
1855 2859 1905 2905 Iu
1920 2857 2045 2905 bello

387 2921 575 2965 redeunt
603 2919 874 2979 postliminio
905 2921 1114 2966 homines
1145 2923 1219 2983 qui
1255 2936 1493 2985 antequam
1511 2937 1776 2985 caperentur
1792 2922 1920 2970 liberi
1945 2919 2048 2969 fue-

388 2998 481 3027 rant
501 2999 510 3028 :
527 2983 796 3038 recipiuntur
814 2982 922 3028 servi
941 2984 990 3028 δέ
1003 2982 1087 3027 alia
1103 2984 1320 3042 quaedam.

155 3069 166 3099 ι
195 3068 368 3110 Ιιο,.ῃ,1,,”,,·,-
457 3043 509 3089 V.
529 3041 553 3089 †
577 3042 710 3088 Liber
730 3047 874 3090 homo
891 3047 950 3090 ita
965 3044 1102 3090 demi]
1120 3046 1392 3106 postliminio
1410 3045 1529 3094 redit
1547 3048 1574 3094 st
1593 3051 1682 3095 hoc
1700 3048 1853 3094 animo
1867 3046 1925 3094 ad
1945 3045 2048 3094 suos

161 3121 360 3154 ',(ap!1vw,

201 3162 246 3190 ,ιίε
260 3170 341 3200 msc.

162 3162 193 3190 Ι)

161 3208 339 3239 Ι.η1”)ιῖ,[),

162 3254 197 3281 ἄν
213 3263 290 3293 capt.
311 3254 330 3282 l.

163 3310 232 3326 ‘Hm
252 3311 303 3328 71071

162 3345 286 3379 donym

163 3391 193 3422 s.

292 3357 335 3373 m.

212 3391 248 3420 d!
266 3391 346 3434 pq'tl„

389 3107 560 3151 venerit
591 3121 637 3150 ut
656 3121 814 3152 eorum
843 3123 911 3154 res
941 3105 1201 3168 sequeretur
1219 3148 1230 3165 ,
1267 3124 1316 3156 ut
1333 3109 1678 3173 aTryphonino
1694 3110 1928 3174 proditum
1952 3108 2014 3154 est
2034 3125 2048 3157 :

391 3170 599 3214 nimirum
621 3170 722 3227 quia
736 3186 781 3215 ut
800 3172 899 3231 quis
916 3169 1063 3216 servus
1082 3170 1194 3216 liber
1211 3172 1301 3228 fiat,
1322 3172 1363 3217 se
1378 3173 1516 3220 debet
1534 3212 1544 3229 ‚
1565 3188 1616 3219 ut
1634 3175 1698 3220 ita
1713 3174 1881 3230 dicam,
1900 3172 2050 3234 acqui-

390 3229 632 3290 rere‚q11od
653 3245 740 3274 non
759 3231 818 3277 est
840 3232 912 3277 nili
932 3232 1143 3278 volentis.
1177 3233 1406 3281 Caeterum
1426 3242 1449 3266 *
1463 3252 1519 3282 an
1536 3238 1577 3282 vi
1593 3235 1751 3283 bellica
1773 3249 1980 3298 receptus
1996 3232 2049 3279 fit

322 3311 364 3328 ἐ·
393 3293 446 3337 ab
467 3292 663 3337 hostibus
682 3308 735 3336 an
754 3293 864 3338 dolo
882 3293 1150 3357 profugerit,
1171 3297 1278 3342 nihil
1298 3296 1435 3344 refert
1455 3313 1504 3344 ut
1521 3301 1547 3345 ὶι
1565 3298 1825 3345 Florentino
1836 3311 2048 3345 notatum

394 3355 468 3400 est.
502 3354 793 3402 Tantundem
822 3357 905 3402 erit
926 3356 956 3403 fi
975 3357 1031 3404 ab
1045 3356 1244 3405 hostibus
1261 3358 1419 3421 sponte
1431 3359 1481 3408 fit
1505 3360 1716 3410 traditus.
1803 3361 1881 3408 uid
1896 3357 1972 3470 *hfi
1987 3355 2050 3469 ab

1955 3435 1984 3468 Ο
2022 3434 2050 3466 e
