2380 3917
91 596 189 634 Iufflr:
216 594 271 631 kb.

93 645 127 677 xl
141 655 149 678 1
163 652 171 676 1
187 650 216 677 1.

90 695 155 726 'fal‘
173 690 268 724 ‘3148-

88 740 290 775 t.vii‚c.1.

84 1109 162 1146 Lab.
178 1117 232 1146 ιν.

85 1413 156 1451 Lrb.
176 1421 208 1448 1.

86 1606 158 1642 Lib.
180 1614 211 1641 1.

86 1687 302 1731 Nic-lxflss.

86 1868 127 1899 L.
141 1879 197 1899 non
210 1868 303 1901 dabi-

82 1921 128 1958 to,
140 1916 223 1949 Lude
236 1926 304 1960 cap.

87 2947 163 2985 Ap.
180 2940 298 2975 Malu.

90 3066 157 3097 be.
178 3074 287 3100 XXII.

91 3208 305 3242 [κωμική.

330 337 379 374 66
711 336 823 373 DE
930 336 1616 379 lvnnnssttl

329 405 483 467 &quali
505 403 681 450 foedere
703 416 902 450 tenetur.
929 399 1155 470 Ina-quale
1179 403 1334 454 foedus
1350 408 1425 455 hic
1437 406 1646 471 intelligo
1666 446 1677 464 ‚
1699 420 1791 455 non
1808 407 1935 472 quod
1948 408 2019 458 in-

331 483 402 515 tcr
438 466 605 514 viribus
637 465 840 529 dispares
873 467 1012 514 initur
1031 507 1043 524 ,
1062 467 1312 531 quomodo
1343 469 1573 518 Thebana
1601 471 1761 521 civitas
1791 470 2021 537 Pelopidae

330 547 548 592 tempore
574 530 724 576 i'oedus
755 547 860 577 cum
888 529 1129 578 Persarum
1161 548 1269 594 rege
1283 532 1440 580 habuit
1463 573 1475 591 ,
1491 534 1541 580 &
1558 531 1758 580 Romani
1781 534 1893 582 olim
1910 551 2020 585 cum

329 594 677 641 Massiliensibus
697 632 708 650 ‚
730 593 898 640 deinde
916 609 1023 641 cum
1040 610 1150 657 rege
1167 583 1406 643 Masaniffa
1423 612 1435 644 ε
1466 612 1554 643 nec
1569 596 1698 659 quod
1712 596 1863 645 astum
1878 597 2020 648 habet

334 657 634 705 transeuntem
649 697 660 713 ,
678 672 726 704 ut
744 673 851 704 cum
870 656 1008 704 hostis
1021 659 1098 720 qui
1115 659 1167 706 fit
1195 657 1255 705 ad
1272 661 1519 707 amicitiam
1539 660 1757 723 recipitur
1773 698 1785 718 ,
1803 659 1916 707 dum
1929 662 2020 710 im·

330 720 482 783 pensas
499 721 605 768 belli
622 719 768 768 solvat
785 759 797 778 ‚
814 733 891 768 aut
908 720 1032 767 aliud
1050 723 1159 784 quid
1180 722 1355 784 praestet
1373 740 1384 772 :
1401 721 1479 769 sed
1505 723 1635 794 quod
1665 738 1724 771 ex
1741 722 1830 787 ipsa
1861 724 1910 772 vi
1937 741 2020 791 pa-

326 784 488 831 &ionis
505 799 768 831 manentem
796 784 1103 849 praelationem
1139 785 1366 849 quandam
1396 785 1528 833 alteri
1544 785 1692 838 donat
1707 806 1724 847 3
1740 787 1832 835 hoc
1850 786 1914 834 est
1937 786 2020 837 ubi

330 850 426 910 quis
439 864 622 896 tenetur
640 848 1078 911 alteriusimperium
1092 884 1103 898 ,
1119 865 1171 896 ac
1185 849 1471 910 majestatem
1488 848 1758 899 conservare
1777 863 1850 908 ,ut
1875 851 1922 897 in
1931 849 2018 898 foe·

328 913 440 958 dere
456 912 722 958 AEtolornm
741 927 848 958 cum
867 909 1092 958 Romanis
1109 927 1220 971 erat,
1238 913 1288 960 id
1305 913 1382 964 cst,
1397 927 1498 960 tum
1511 926 1704 976 operam
1730 913 1841 961 dare
1857 926 1906 961 ut
1920 916 2018 976 ejus

327 976 567 1039 imperium
585 977 629 1021 iu
645 991 749 1022 tuto
764 974 834 1032 fit,
851 990 952 1022 tum
966 988 1017 1021 ut
1031 974 1229 1040 dignitas
1249 1014 1260 1032 ‚
1280 992 1377 1038 quae
1392 975 1637 1035 majestatis
1651 977 1837 1024 nomine
1852 977 2018 1049 fignifi-

328 1051 470 1095 catur,
488 1040 531 1085 ei
543 1038 737 1086 constet.
752 1037 941 1103 Imperii
957 1040 1261 1087 reverentiam
1276 1039 1393 1086 dixit
1406 1038 1600 1087 Tacitus
1617 1041 1693 1089 1&
1706 1038 1765 1087 fic
1781 1040 1983 1107 explicat
2000 1056 2016 1090 ε

332 1105 785 1167 scdefinib1afi1ueinsua
797 1110 898 1165 ripa,
920 1119 1046 1149 mente
1057 1109 1262 1168 animoque
1275 1106 1472 1164 nobiscum
1488 1120 1621 1166 agunt.
1639 1102 1826 1155 Florus:
1852 1110 1914 1152 Illi
1922 1125 2016 1169 quo-³

330 1184 402 1227 que
415 1169 551 1230 reliqui
564 1202 574 1217 ‚
596 1172 664 1230 qni
685 1172 877 1213 immunes
901 1172 1054 1228 imperii
1081 1182 1195 1213 erant
1209 1203 1221 1223 ‚
1234 1168 1460 1227 sentiebant
1471 1183 1603 1215 tamen
1623 1171 1938 1229 magnitudinem
1963 1172 2017 1226 ό·

329 1235 518 1275 viffforem
532 1236 706 1292 gentium
715 1232 898 1292 populum
928 1237 1154 1276 Romanum
1189 1231 1483 1277 reverebantur.
1510 1227 1571 1276 ad
1589 1228 1716 1293 quod
1767 1246 1875 1279 enus
1892 1230 2016 1279 refe-

328 1290 469 1337 renda
482 1290 584 1339 sunt
600 1294 702 1353 jura
750 1289 926 1340 uaedam
940 1306 1104 1339 eorum
1121 1308 1217 1356 quae
1233 1305 1349 1340 nunc
1360 1305 1582 1340 vocantur
1597 1245 1910 1358 protegionis,
1929 1294 2016 1343 ad-

326 1357 522 1402 vocatiae
540 1395 552 1413 ‚
573 1354 731 1403 mnndi
768 1357 887 1421 urgii
906 1371 918 1404 :
935 1355 1052 1402 Item
1073 1358 1142 1416 jus
1158 1354 1339 1404 urbium
1358 1357 1604 1403 matricum
1619 1357 1666 1403 in
1676 1357 1916 1406 coloniasa
1950 1355 2014 1406 ud

323 1420 510 1466 Graecos
527 1437 537 1469 :
556 1420 687 1478 Nam
703 1434 753 1467 ut
764 1417 1071 1482 Thucydides
1089 1421 1152 1467 ait
1169 1459 1180 1477 ‚
1213 1419 1402 1467 coloniae
1416 1421 1519 1466 cum
1536 1418 1721 1468 urbibus
1747 1421 1928 1469 matrici
1960 1437 2015 1470 us

337 1483 418 1527 nri
440 1498 566 1529 erant
584 1485 684 1544 jure
698 1483 921 1531 libertatis
937 1521 949 1540 ‚
973 1481 1050 1530 sed
1064 1482 1292 1531 debebant
1308 1482 1421 1540 wpsq‘lv
1441 1481 1503 1528 vvir
1515 1482 1766 1539 μητξόπυλυ,
1782 1522 1794 1542 ,
1813 1486 1863 1531 &
1881 1485 2012 1532 exhi-

323 1497 433 1592 bere
461 1548 509 1588 πὶ
521 1546 608 1601 γίρσι
627 1546 678 1589 π.)
692 1542 935 1605 ιομιξόμῦμοι,
960 1548 1265 1595 reverentiam
1294 1545 1460 1594 scilicet
1477 1547 1527 1593 &
1544 1546 1738 1594 honoris
1753 1545 1874 1610 signa
1889 1564 2010 1611 quae-

323 1609 450 1655 dam.
494 1609 651 1658 Livius
681 1612 741 1658 de
771 1614 915 1659 veteri
933 1608 1112 1658 foedere
1142 1613 1262 1658 inter
1277 1609 1516 1658 Romanos
1534 1611 1611 1673 qui
1637 1607 1762 1658 Albae
1779 1612 1850 1672 jus
1869 1626 2012 1659 omne

324 1687 619 1736 acceperant,
645 1676 693 1722 δε
719 1675 910 1722 Latinos
928 1673 1044 1721 Alba
1061 1674 1310 1723 oriundos:
1337 1683 1384 1721 In
1400 1694 1438 1721 eo
1444 1675 1610 1784 ¹{vedere
1617 1678 1797 1737 superior
1832 1682 2014 1723 Romana

324 1756 384 1781 res
401 1754 497 1783 erat.
533 1737 676 1785 Reste
696 1738 983 1786 Andronicus
1000 1737 1211 1785 Rhodius
1228 1737 1329 1800 post
1363 1736 1442 1784 Ari
1480 1736 1652 1784 otelem
1670 1737 1874 1785 amicitiae
1890 1739 2009 1786 inter

324 1797 522 1861 dispares
541 1802 630 1849 hoc
647 1803 708 1850 ait
726 1804 965 1868 proprium
984 1816 1034 1849 ut
1078 1803 1297 1849 otentiori
1311 1800 1408 1864 plus
1426 1801 1615 1848 honoris
1629 1840 1641 1858 ,
1657 1800 1894 1848 infirmiori
1910 1801 2012 1867 plus

325 1862 477 1909 auxilii
495 1863 746 1914 deferatur.
764 1864 943 1913 Scimus
961 1818 1075 1929 qujg
1086 1865 1144 1911 ad
1158 1866 1274 1912 hanc
1292 1864 1577 1928 quaestionem
1597 1863 1817 1913 Proculus
1828 1864 2011 1929 respon-

325 1925 461 1984 derit,
482 1925 648 1976 scilicet
666 1928 860 1978 liberum
876 1929 960 1976 ess'e
975 1929 1197 1992 populum
1215 1930 1289 1990 qui
1307 1927 1466 1975 nullius
1481 1927 1664 1975 alterius
1676 1926 1887 1993 potestati
1906 1927 2010 1977 sub-

323 1989 468 2048 jeftus
485 1989 553 2047 fit,
572 1992 742 2039 etiamfi
755 1994 799 2040 in
818 1990 995 2039 foedere
1011 1990 1389 2053 comprehensum
1409 1991 1462 2036 fit
1483 2027 1495 2047 ‚
1523 2004 1571 2036 ut
1590 1993 1628 2038 is
1643 1991 1840 2054 populus
1852 1992 2009 2040 comi-

325 2067 398 2098 ter
414 2052 595 2101 alterius
613 2056 771 2117 populi
784 2054 1068 2116 majestatem
1084 2052 1391 2101 conservaret.
1417 2051 1466 2100 Si
1483 2068 1597 2164 εηῖὲο
1614 2055 1806 2118 populus
1821 2056 1902 2103 tali
1918 2053 2009 2103 foe-

325 2116 437 2162 dere
458 2115 689 2182 obligatus
706 2116 821 2164 liber
839 2131 1009 2172 manet,
1027 2117 1058 2165 si
1077 2116 1259 2164 alterius
1276 2115 1487 2180 potestati
1499 2115 1544 2163 su
1579 2115 1717 2178 jestus
1734 2133 1825 2166 non
1842 2117 1920 2177 est,
1939 2117 2009 2166 se-

323 2181 490 2242 quitur,
511 2197 561 2228 ut
579 2179 805 2228 summum
819 2182 1064 2243 imperium
1082 2180 1290 2227 retineat.
1310 2179 1458 2242 Atque
1469 2178 1594 2227 idem
1612 2180 1671 2228 de
1684 2195 1790 2245 rege
1804 2196 2008 2246 pronun-

322 2243 535 2288 ciandum
555 2243 630 2288 cst.
663 2241 737 2291 Est
754 2246 875 2291 enim
896 2243 1051 2307 populi
1068 2242 1199 2290 liberi
1230 2243 1411 2306 &regis
1427 2244 1504 2306 qui
1523 2258 1630 2291 vere
1647 2259 1728 2291 rex
1745 2244 1797 2293 fit
1812 2283 1824 2303 ,
1842 2245 2008 2294 eadem

323 2306 456 2351 ratio.
477 2304 619 2352 Addit
637 2305 874 2362 ProculuS,
893 2306 1006 2354 iilud
1021 2305 1158 2367 adjici
1177 2307 1223 2353 in
1240 2304 1431 2363 foedere,
1452 2321 1502 2354 ut
1519 2306 1793 2372 intelligatur
1808 2308 2009 2357 alterurn

321 2367 542 2431 populum
560 2367 841 2431 superiorem
855 2369 943 2416 esse
960 2408 972 2426 ‚
989 2385 1080 2416 non
1093 2385 1142 2417 ut
1156 2370 1431 2434 intelligatur
1449 2370 1640 2418 alterum
1671 2386 1763 2418 non
1793 2370 2008 2420 effelibe-

321 2448 443 2479 rum.
478 2431 774 2497 Superiorem
792 2433 869 2479 hic
882 2433 1137 2498 intelligere
1153 2432 1376 2480 debemus
1391 2448 1481 2480 non
1494 2433 1715 2497 potestate
1745 2435 1762 2495 (
1778 2438 1871 2498 jam
1883 2438 2007 2484 enim

322 2496 504 2543 dixerat
522 2496 660 2543 talem
679 2496 902 2567 populum
924 2495 1108 2543 alterius
1136 2496 1351 2559 potestati
1383 2494 1631 2558 subjeetum
1665 2513 1756 2544 non
1773 2497 1894 2562 effe)
1924 2495 2007 2548 sed

323 2558 595 2607 austoritate
617 2599 628 2616 ‚
647 2560 697 2606 δε
715 2558 943 2624 dignitate
959 2575 971 2608 :
989 2559 1117 2622 quod
1149 2558 1290 2607 verba
1307 2557 1535 2621 sequentia
1555 2576 1659 2625 apta
1673 2559 1930 2611 admodum
1947 2561 2006 2611 fi·-

324 2623 583 2670 militudine
597 2623 823 2686 explicant
841 2627 1207 2686 :Qemadmodum
1224 2660 1237 2676 ,
1251 2623 1398 2686 inquit
1414 2662 1425 2681 ‚
1445 2628 1592 2674 clientes
1605 2626 1743 2684 nostros
1759 2629 2006 2690 intelligimus

322 2688 453 2732 liberos
467 2692 531 2748 effi·
549 2723 560 2737 ‚
577 2687 728 2747 etiamfi
756 2705 873 2749 neque
885 2691 1116 2732 aufloritate
1134 2724 1145 2742 ,
1165 2706 1283 2750 neque
1317 2690 1509 2749 dignitate
1525 2725 1537 2744 ,
1552 2706 1668 2752 neque
1677 2687 1764 2742 jure
1780 2697 1884 2737 omni
1898 2692 2007 2738 nobie

317 2764 428 2810 pares
434 2754 532 2809 fimt
546 2774 557 2796 .·
577 2752 624 2808 (ic
640 2753 689 2805 εἷ
702 2768 759 2796 eos
775 2755 842 2813 qui
856 2751 1089 2807 majestatem
1104 2752 1268 2810 nostram
1296 2755 1448 2796 comiter
1459 2754 1681 2812 conservare
1691 2754 1842 2809 debent,
1863 2755 2004 2800 liberos

327 2817 388 2870 ely}
405 2816 696 2873 intelligendum
730 2816 788 2871 est.
825 2808 1033 2859 Clientes
1047 2812 1096 2858 in
1110 2810 1201 2859 fide
1228 2811 1327 2859 sunt
1343 2827 1643 2876 patronorum
1662 2833 1677 2873 3
1702 2816 1728 2845 *
1764 2814 1823 2862 fic
1841 2830 1903 2879 po
1937 2814 2001 2862 uli

322 2871 501 2922 foedere
530 2872 774 2922 inferiores
801 2875 846 2922 in
879 2873 967 2921 fide
980 2875 1136 2941 populi
1155 2914 1167 2933 ‚
1200 2876 1276 2939 qui
1294 2875 1518 2940 dignitate
1544 2875 1606 2924 est
1634 2874 1855 2942 superior..
1920 2889 2001 2927 unt

326 2941 385 2980 ἐπὶ
407 2937 615 2987 *ms-cim&
632 2971 643 2988 ‚
666 2937 971 2996 ὖχὼοτελεῗς,
1000 2943 1074 2998 sub
1102 2944 1312 3001 patrocinio
1333 2975 1345 2993 ,
1378 2959 1452 2987 non
1476 2943 1548 3000 fi‘b
1593 2943 1766 2997 ditione,
1800 2955 1852 2989 ut
1871 2939 2000 3004 Sylla

325 3004 443 3062 apud
465 3002 717 3063 Appianum
735 3003 936 3063 loquitur
953 3022 968 3060 3
984 3004 1029 3049 in
1045 3017 1174 3065 parte
1194 3039 1206 3057 ,
1233 3003 1388 3047 nonin
1405 3000 1579 3049 ditione
1595 3016 1644 3050 ut
1655 3001 1835 3053 Livius:
1849 3005 1899 3051 &
1912 3001 2000 3051 Ci-

324 3082 434 3112 cero
456 3065 738 3113 Officiorum
771 3063 966 3112 secundo
995 3064 1212 3113 sauffiora
1237 3064 1314 3111 illa
1345 3062 1663 3114 Romanorum
1681 3080 1894 3130 tempora
1911 3066 1997 3114 de-

324 3129 529 3179 scribens,
550 3128 853 3189 patrocinium
867 3128 1097 3177 sociorum
1115 3130 1178 3176 ait
1196 3143 1331 3191 penes
1349 3142 1430 3175 eos
1443 3126 1568 3175 fiiisse
1587 3167 1599 3187 ‚
1617 3145 1709 3176 non
1732 3131 1998 3193 imperium.

326 3196 397 3253 qui
415 3210 518 3238 curn
533 3192 632 3238 satis
646 3193 859 3239 convenit
876 3190 1045 3239 dietum
1065 3191 1178 3238 illud
1204 3190 1430 3254 Scipionis
1462 3191 1662 3240 Afticani
1676 3191 1902 3253 Majoris:
1921 3201 1997 3239 Po-

322 3262 455 3315 pulum
476 3266 692 3301 Romanum
713 3258 882 3313 beneficio
897 3276 1016 3319 qnam
1030 3274 1135 3302 metu
1149 3259 1312 3316 obligare
1325 3257 1495 3302 homines
1509 3259 1622 3302 malle
1640 3291 1652 3307 ,
1671 3259 1885 3319 exterasque
1901 3274 1996 3316 gen·

329 3336 379 3362 tes
392 3322 466 3374 fide
482 3339 523 3363 ac
534 3324 716 3377 sbrietate
730 3324 875 3375 yuntffas
893 3322 1044 3374 habere,
1058 3337 1178 3381 quam
1195 3317 1649 3378 trgstisufflsfr'asscrvitio
1664 3341 1676 3364 .·
1691 3317 1742 3364 δί
1755 3333 1850 3380 quae
1867 3316 1995 3364 Stra·

328 3381 388 3425 bo
407 3377 742 3429 commemorat
773 3381 832 3427 de
863 3379 1221 3429 Lacedaemoniis
1250 3377 1349 3442 post
1362 3377 1683 3431 Romanorum
1710 3381 1756 3427 in
1779 3380 2001 3489 Grflciam

1827 3457 1855 3492 a
1891 3456 2002 3491 ven-
