2380 3917
162 1017 201 1050 L
229 1023 279 1049 ιι.
299 1024 317 1045 c

168 1074 200 1101 s.
215 1063 273 1098 26.

164 1263 246 1295 Lu
261 1268 324 1293 r.c.

162 1313 324 1351 vin-[4.

373 384 445 431 598
793 360 1638 411 nnlvnenssttt

381 459 534 510 0³th
548 441 685 507 poffit
703 437 758 486 ab
778 453 836 483 eo
856 436 929 497 qui
944 445 1130 495 captum
1145 444 1269 478 tenet
1284 432 1330 477 in
1347 430 1485 480 alium
1500 425 1775 477 tranffcribi:
1801 443 1906 478 nam
1923 428 1971 476 &
1985 429 2051 478 in-

389 507 646 569 corporalia
663 501 844 549 alienari
861 511 1020 544 natura
1036 494 1219 558 patitur.
1584 553 1595 561 .

454 570 501 616 Χ
516 567 566 614 Χ
591 565 631 612 V
649 566 681 612 I.
717 565 774 610 Et
792 559 935 626 potest
947 557 1070 604 idem
1089 554 1289 617 pluribus
1302 552 1468 605 debere
1483 566 1678 617 pretium
1699 592 1712 611 ‚
1747 553 1778 600 fi
1792 552 1849 600 ab
1866 569 1957 600 uno
1975 551 2050 599 di..

395 633 557 686 mistus,
577 629 724 690 pretio
753 622 958 672 nondum
972 618 1120 665 soluto
1135 656 1146 674 ‚
1175 630 1332 679 captus
1349 615 1400 663 fit
1415 615 1471 663 ab
1484 615 1602 664 alio:
1626 615 1724 664 sunt
1741 618 1860 664 enim
1879 613 2056 665 diversa

399 700 490 742 hacc
512 691 663 736 debita
681 704 738 733 ex
754 682 936 731 diversis
949 679 1101 727 causis.

460 752 566 801 XX
585 751 626 797 V
646 750 717 795 11.
754 744 1013 793 Conventio
1044 740 1103 787 de
1132 742 1284 802 pretio
1300 739 1420 788 fasta
1435 739 1627 788 rescindi
1658 757 1750 788 non
1781 739 1927 805 potest
1952 778 1965 796 ,
1996 754 2057 786 eo

396 815 522 879 quod
554 826 708 875 captus
733 807 1006 869 intelligatur
1034 803 1314 866 locupletior
1344 820 1480 866 quam
1494 802 1791 851 credebatur:
1823 805 1928 866 quia
1958 805 2060 863 jure

394 878 593 937 gentium
612 885 814 918 externo,
829 869 888 914 de
905 882 998 928 quo
1016 868 1267 926 quaerimus,
1284 882 1422 913 nemo
1435 869 1618 930 cogitur
1633 865 1850 929 supplere,
1870 864 1999 927 quod
2014 867 2061 910 in

393 931 624 987 ‘contraditi
645 934 792 980 minus
819 946 946 993 aequo
963 930 1115 990 pretio
1137 929 1341 993 promisit
1356 968 1367 985 ‚
1403 929 1433 976 fi
1450 929 1584 976 dolus
1594 945 1683 976 non
1699 929 1976 986 interceffit3
2009 942 2062 974 ut

392 1000 577 1061 intelligi
615 995 760 1058 potest
791 1010 851 1040 ex
877 993 946 1039 his
963 1008 1059 1053 quae
1090 990 1150 1038 de
1174 991 1481 1039 contractibus
1495 991 1626 1056 supra
1641 997 1668 1040 a
1688 991 1818 1040 nobis
1831 990 2063 1054 explicata

396 1063 510 1110 sunt.

459 1123 569 1172 XX
588 1119 759 1169 VIII.
787 1119 858 1166 Ex
882 1134 941 1166 eo
973 1115 1101 1181 quod
1127 1116 1325 1166 diximus
1347 1118 1556 1181 captivos
1587 1118 1765 1166 nostros
1781 1117 1936 1165 servos
1972 1132 2066 1164 non

396 1187 481 1233 esse
500 1223 509 1236 ‚
530 1186 725 1248 sequitur
741 1181 908 1230 ceffare
921 1181 1043 1228 illam
1058 1180 1399 1242 acquisitionem
1411 1181 1706 1229 universalem
1727 1220 1737 1237 ‚
1762 1197 1900 1244 quarn
1919 1178 2068 1226 accell-

398 1251 572 1298 fionem
589 1247 674 1294 ess'e
701 1246 894 1292 dominii
922 1245 967 1290 in
985 1244 1223 1306 personam
1240 1244 1440 1291 diximus
1466 1243 1590 1291 alibi.
1622 1243 1741 1292 Non
1765 1245 1855 1292 alia
1865 1259 1980 1308 ergo
1993 1257 2070 1289 ca-

400 1313 523 1376 ptori
540 1312 824 1366 acquirentur
841 1323 979 1370 quam
994 1323 1087 1368 quoe
1105 1305 1350 1369 specialiter
1366 1306 1716 1370 apprehenderit
1737 1323 1751 1355 :
1770 1322 1908 1370 quare
1923 1302 2070 1368 siquid

399 1377 519 1422 clam
538 1367 686 1419 secum
704 1371 838 1418 habet
856 1370 1076 1432 captivus,
1090 1385 1181 1416 non
1193 1371 1279 1416 erit
1293 1369 1571 1433 acquilitum,
1589 1373 1693 1432 quia
1714 1386 1797 1423 nec
1813 1369 2069 1432 poffeffum.

162 1457 178 1490 ι
193 1455 380 1498 madens.
402 1439 527 1485 Sicut
558 1436 722 1482 Paulus
741 1431 1082 1485 Iurisconsultus
1111 1447 1272 1479 contra
1285 1433 1478 1486 Brutum
1496 1435 1545 1480 δε
1559 1433 1787 1480 Manlium
1806 1431 2039 1496 respondit
2053 1467 2066 1486 ,

166 1507 317 1534 Neritius

167 1550 259 1582 DAz
269 1559 365 1592 acqu-

167 1596 243 1640 roffi

199 2611 391 2644 Lamon.
434 2622 441 2629 ·

201 2662 293 2687 ’.ἰ
333 2666 359 2684 υ

401 1502 477 1565 qui
497 1496 686 1545 fundum
705 1495 973 1560 possessione
988 1496 1122 1555 cepit,
1137 1494 1392 1542 thesaurum
1409 1510 1545 1558 quem
1559 1498 1604 1543 in
1621 1495 1766 1542 fundo
1782 1495 1868 1542 effe
1884 1494 2071 1549 nesciat,

403 1580 496 1611 non
513 1559 676 1624 cepiffe
695 1578 707 1608 :
743 1561 847 1621 quia
862 1558 937 1620 qui
957 1557 1093 1604 nescit
1111 1558 1555 1620 nequeat-possidere.
1594 1557 1685 1606 Cui
1702 1560 1976 1621 consequens
1991 1555 2071 1611 est,

404 1642 457 1674 ut
475 1641 545 1671 res
558 1639 617 1669 eo
638 1623 785 1674 modo
804 1621 948 1669 celata
963 1620 1022 1667 ad
1039 1619 1341 1676 redemtionis
1368 1622 1564 1686 pretium
1581 1621 1849 1670 solvendum
1866 1617 2074 1679 prodesse

407 1688 562 1754 poffir,
578 1686 697 1748 quasi
718 1699 899 1732 retento
917 1682 1145 1730 dominio.

474 1752 525 1799 X
541 1749 591 1796 X
608 1748 705 1796 IX.
746 1747 900 1807 Qaeri
931 1747 979 1791 &
1015 1746 1105 1792 hoc
1135 1745 1250 1793 solet
1268 1765 1323 1795 an
1348 1749 1542 1810 pretium
1568 1759 1843 1794 conventum
1863 1782 1874 1796 ‚
1907 1747 1957 1792 &
1972 1757 2076 1791 ante

410 1828 614 1862 mortem
633 1827 725 1857 non
742 1810 940 1858 solutum
960 1807 1017 1855 ab
1042 1809 1214 1857 herede
1239 1809 1478 1857 debeatur.
1514 1809 1740 1872 Expedita
1768 1809 1879 1856 mihi
1896 1807 2078 1855 videtur

410 1873 641 1938 responsio
658 1910 668 1924 ‚
700 1872 730 1920 si
749 1874 790 1919 in
811 1887 990 1918 carcere
1007 1886 1218 1920 mortuus
1234 1873 1310 1930 est,
1331 1889 1422 1928 non
1435 1873 1593 1919 deberi
1610 1888 1620 1919 :
1639 1872 1856 1932 promisso
1872 1872 1993 1916 enim
2008 1870 2078 1915 in-

413 1953 508 1984 erat
527 1937 735 1983 conditio
753 1936 784 1982 si
802 1935 1087 1990 liberaretur,
1105 1950 1317 1982 mortuus
1328 1941 1483 1982 autem*
1498 1948 1589 1980 non
1606 1932 2032 1990 liberatur.Contra
2047 1930 2078 1977 fi

414 2013 628 2047 mortuus
640 1997 700 2043 est
719 2014 823 2044 cum
841 1997 886 2042 in
904 1994 1114 2043 libertate
1129 1998 1251 2055 effer,
1265 1996 1438 2044 deberi.
1472 1996 1568 2043 Iam
1580 1998 1699 2044 enim
1713 1997 1905 2043 lucratus
1918 2009 2016 2042 erat
2029 1992 2079 2040 id

415 2078 503 2126 pro
524 2075 616 2122 quo
634 2058 898 2122 promissum
915 2073 1011 2104 erat
1041 2061 1254 2119 pretium.
1290 2059 1426 2108 Plane
1452 2058 1605 2107 fateor
1630 2062 1679 2106 &
1696 2059 1824 2106 aliter
1847 2057 2080 2105 conveniri

419 2123 546 2189 posse
563 2136 613 2168 ut
631 2122 687 2167 ab
724 2121 819 2183 ipso
847 2120 1103 2169 contrastus
1117 2136 1357 2170 momento
1377 2138 1486 2187 pure
1497 2121 1714 2168 debeatur
1728 2122 1992 2185 pretium,&
2009 2135 2081 2166 ca-

417 2189 570 2250 ptivus
587 2199 764 2231 tantum
783 2185 1038 2239 retineatur,
1061 2200 1152 2231 non
1169 2187 1263 2244 jam
1277 2200 1325 2232 ut
1336 2190 1437 2248 jure
1451 2184 1555 2232 belli
1565 2179 1816 2246 captu‘s‚sed
1827 2199 1876 2230 ut
1892 2188 1919 2231 a
1938 2182 1978 2229 se
1993 2198 2081 2246 op-

421 2251 704 2311 pigneratus:
724 2247 780 2292 Et
796 2260 953 2292 contra
972 2245 1148 2306 padkum
1165 2249 1264 2294 iniri
1279 2248 1403 2311 poffe
1421 2286 1432 2305 ,
1448 2262 1497 2294 ut
1509 2245 1730 2311 procedat
1744 2248 1876 2309 pretii
1894 2245 2077 2301 solutio,

420 2311 453 2357 fi
471 2310 546 2356 die
557 2309 800 2371 praestituto
813 2309 886 2370 qui
907 2323 1064 2371 captus
1081 2309 1146 2361 fit,
1161 2308 1274 2357 liber
1292 2313 1430 2358 vivat.
1463 2309 1553 2357 Sed
1563 2311 1656 2357 haec
1673 2323 1723 2363 ut
1740 2312 1885 2357 minus
1898 2323 2082 2356 natura-

422 2373 485 2418 lia
503 2387 593 2417 non
610 2369 927 2425 praesumuntur
939 2369 1051 2426 adra,
1071 2372 1144 2418 nifi
1163 2372 1399 2421 manifestis
1416 2373 1722 2420 documentis.

489 2433 539 2478 X
553 2431 602 2477 X
615 2431 679 2478 X.
717 2432 994 2494 Proponitur
1010 2434 1180 2481 &illud
1191 2452 1245 2482 an
1261 2438 1303 2482 in
1319 2451 1548 2484 carcerem
1560 2435 1709 2483 redire
1723 2433 1902 2489 debeat,
1920 2434 1993 2498 qui
2011 2441 2082 2480 di-

426 2494 577 2542 rniffus
595 2493 666 2564 est·
680 2494 756 2542 sub
777 2494 908 2556 pasto
926 2508 976 2540 ut
1008 2494 1175 2543 faceret
1204 2497 1374 2545 dimitti
1391 2499 1585 2546 alterum
1604 2536 1616 2553 ,
1651 2499 1728 2561 qui
1743 2496 1914 2543 fastum
1928 2504 2084 2544 morte

427 2566 702 2621 praevenerit.
739 2558 955 2604 Diximus
971 2557 1073 2604 alibi
1096 2557 1266 2606 faCtum
1285 2563 1406 2609 tertii
1428 2560 1676 2608 liberaliter
1692 2558 1957 2624 promissum
1981 2557 2086 2606 satis

431 2621 604 2681 HUPICsi
627 2657 638 2674 ²
659 2618 687 2665 fi
705 2619 812 2664 nihil
828 2620 1054 2666 omittitur
1066 2635 1123 2666 ex
1140 2637 1267 2683 parte
1285 2624 1592 2686 promifforis:
1623 2638 1669 2670 at
1684 2625 1730 2670 in
1747 2621 1946 2669 onerofis
1960 2620 2085 2671 ,obli-

200 2680 269 2732 x'vf
280 2679 376 2733 «216.
433 2684 526 2745 gari
547 2681 860 2750 prorniss'orem
878 2679 933 2725 ad
947 2680 992 2728 id
1008 2683 1132 2744 quod
1151 2687 1417 2734 tantundem
1436 2684 1651 2733 valet.Sic
1667 2700 1780 2749 ergo
1793 2685 1836 2730 in
1853 2683 2086 2747 proposita

207 2750 268 2778 ΗΜ
283 2747 357 2777 -'¹·“¹⁷⁰
382 2757 412 2779 ⁶·
434 2743 668 2813 quastione
684 2761 770 2790 non
783 2742 1006 2790 tenebitur
1019 2745 1201 2808 quidem
1215 2748 1414 2797 dimiffus'
1431 2748 1625 2796 reddere
1642 2748 1686 2795 se
1699 2746 1922 2803 custodire,
1942 2761 2086 2809 neque

202 2795 361 2836 XX.'.·58·

262 2989 270 3012 1

202 2932 244 2964 lin

203 2984 238 3013 Ὗ.

204 3036 247 3067 Fs·
269 3032 275 3038 ’

205 3072 229 3102 l.

249 2945 264 2962 Δ

251 3083 266 3101 1(

273 3163 283 3181 Ι

208 3175 290 3206 cinq.
302 3166 383 3200 mi,

283 3005 288 3010 .
305 2981 341 3009 (lc

277 3038 324 3055 (Β)

330 3039 341 3055 C

431 2822 547 2851 enini
567 2804 896 2874 iti-conventum
915 2804 1000 2852 fuit
1019 2845 1031 2862 ,
1059 2823 1201 2870 neque
1217 2813 1355 2858 tacite
1377 2811 1525 2858 astum
1555 2811 1741 2875 intelligi
1800 2810 1935 2855 atitur
1950 2805 2087 2855 favor

430 2868 649 2914 libertatis
670 2907 680 2924 ‚
711 2883 853 2930 neque
884 2866 1070 2915 debebit
1097 2870 1360 2920 lucrifacere
1377 2873 1634 2920 libertatem
1654 2910 1665 2928 ‚
1701 2877 1734 2907 *
1756 2824 1833 2919 lgd
1851 2874 1944 2934 ejus
1955 2869 2085 2934 quod

270 2933 386 2967 mnu,
430 2931 630 2999 &2³stss
646 2946 734 2975 non
752 2930 1252 2992 potest,aestiiiiationeni
1268 2935 1506 2997 praestabit.
1523 2934 1634 2981 Hoc
1645 2935 1766 2981 enirn
1778 2933 1965 2982 naturali
1980 2933 2086 2981 fim-

432 2994 614 3055 plicitati
633 2995 948 3052 congruentius
969 3029 978 3042 ‚
1000 3009 1136 3054 quam
1155 3012 1248 3058 quae
1264 2999 1308 3046 in
1327 2997 1505 3044 afflone
1519 2997 1579 3043 de
1594 2996 1856 3061 praescriptis
1873 2996 2020 3045 verbis
2034 2996 2086 3042 δε

265 3054 316 3145 i*
327 3075 367 3145 [ἰ
380 3073 416 3105 φ-
434 3056 490 3100 de
503 3053 793 3100 condictione
810 3055 870 3101 ob
888 3054 1064 3103 causam
1080 3055 1107 3104 d
1115 3059 1175 3105 ati
1189 3061 1319 3108 causa
1337 3076 1430 3107 non
1446 3058 1810 3118 secuta,Romam
1824 3059 1934 3120 Juris
1947 3060 2086 3108 inter-

208 3131 265 3147 i„
287 3140 293 3146 .
322 3131 335 3147 0

439 3132 583 3182 prctcs
598 3116 793 3164 tradunt,
