2475 3854
743 249 1724 296 aepacrs‚r.13‚1r.
1991 265 2066 311 209

398 321 734 388 approbatione
761 319 933 383 populi.
969 318 1092 366 Cum
1111 320 1180 366 his
1208 334 1300 367 non
1320 335 1488 385 pugnat
1504 322 1630 385 quod
1657 324 1870 372 Antonini
1897 329 2061 377 consti-

390 388 567 432 tutione
588 397 818 446 quotquot
833 385 878 429 in
896 379 1011 428 orbe
1031 382 1246 429 Romano
1265 382 1361 429 sunt
1381 422 1392 440 ‚
1423 385 1548 432 cives
1566 385 1766 433 Romani
1787 387 1928 435 effecti
1948 391 2062 441 sunt.

392 446 638 496 Consecuti
657 447 776 492 enim
796 461 847 492 ea
883 444 1203 491 constitutione
1223 445 1317 492 lunt
1339 445 1504 493 subditi
1530 446 1729 496 Romani
1757 451 1966 514 imperii,
2002 470 2058 503 ea

390 511 495 571 jura
509 527 603 572 quae
620 508 736 555 olim
751 506 974 555 habebant
988 508 1177 555 colouiae
1195 510 1243 555 &
1260 510 1501 570 municipia
1519 548 1530 566 ‚
1548 512 1599 556 &
1614 513 1856 575 provinciae
1872 528 2054 579 togatae,

391 587 441 619 ut
458 574 506 618 δε
521 573 749 618 honorum
770 571 930 633 pattici
967 586 1013 616 es
1030 569 1165 616 effent
1184 608 1195 627 ‚
1224 572 1272 616 δε
1294 573 1391 631 jure
1411 572 1659 633 Qiritium
1678 590 1936 625 uterentur:
1960 593 2054 627 non

393 650 444 682 ut
462 636 507 681 in
523 632 618 680 aliis
636 633 814 695 populis
829 672 840 689 ,
871 633 919 679 iti
958 648 1030 678 em
1050 642 1098 678 ut
1120 634 1162 678 in
1189 633 1361 696 populo
1378 633 1499 682 urbis
1515 634 1677 683 Romae
1694 640 1718 668 *
1738 635 1844 686 fons
1872 639 2052 702 imperii

390 696 495 744 effer
511 713 521 743 :
537 695 666 758 quod
682 693 835 744 facere
851 697 894 742 in
909 695 1130 757 potestate
1147 695 1485 758 Imperatorum
1504 715 1596 746 non
1611 698 1698 747 fiiit
1716 738 1730 757 ,
1760 702 1837 763 qui
1853 701 2050 752 habendi

387 759 567 822 imperii
600 759 793 805 modum
812 775 864 806 ac
879 757 1056 805 causam
1074 773 1250 805 mutare
1276 775 1369 805 non
1418 775 1645 810 otuerunt.
1678 762 1784 810 Nec
1803 765 1927 827 quod
1956 764 2048 813 Irn-

387 836 624 884 peratores
640 821 792 884 postea
813 820 1209 884 Constantinopoli
1227 838 1359 884 quam
1391 864 1393 866 .
1425 839 1539 870 omae
1558 824 1761 872 habitare
1771 825 2044 887 maluerunt,

388 883 449 930 de
466 885 564 942 jure
592 884 746 946 populi
778 884 975 936 Romani
998 884 1234 947 quicquam
1252 885 1494 932 imminuit.
1528 884 1604 933 sed
1627 901 1735 935 tunc
1752 905 1935 953 quoque
1951 891 2044 938 ele—

387 946 586 993 ‹stionem
602 942 765 993 factam
783 951 810 994 a
823 960 951 1010 parte
969 944 1026 993 sui
1044 962 1138 1007 quae
1157 944 1555 1012 Constantinopoli
1570 946 1936 1009 habitabat,unde
1949 953 2043 1017 By-

385 1010 594 1056 zantinos
615 1010 816 1073 Qrites
841 1022 977 1056 vocat
1004 1007 1281 1056 Claudianus
1299 1048 1310 1066 ‚
1343 1025 1490 1059 ratam
1506 1012 1698 1082 populus
1708 1028 1837 1066 ,totus
1851 1014 2009 1064 habuit
2027 1032 2045 1066 ς

384 1067 578 1135 jurisque
594 1070 655 1118 sui
672 1084 1017 1119 monumentum
1036 1088 1127 1120 non
1144 1086 1276 1119 tenue
1293 1072 1486 1122 servavit
1517 1078 1542 1107 '⁸
1570 1091 1615 1121 m
1645 1074 1767 1123 urbis
1779 1075 1860 1125 suae
1876 1093 2044 1143 praero-

384 1135 539 1200 gativa
558 1173 570 1190 ‚
600 1133 626 1162 *
641 1136 691 1181 &
715 1136 758 1181 in
780 1135 959 1181 honore
975 1133 1230 1181 consulatus
1255 1134 1438 1198 aliisque
1455 1135 1607 1185 rebus.
1642 1140 1797 1202 Qre
1812 1141 1885 1199 jus
1900 1157 2040 1189 omne

382 1196 512 1260 quod
528 1197 573 1244 hi
587 1197 660 1260 qui
680 1195 1080 1260 Constantinopoli
1096 1196 1355 1245 habitabant
1364 1198 1423 1246 ad
1440 1198 1694 1265 eligendum
1709 1205 2039 1263 Imperatorem

381 1259 646 1307 Romanum
663 1259 827 1307 habere
844 1273 1054 1324 poteraut
1072 1299 1085 1318 ,
1107 1259 1337 1324 pendebat
1353 1264 1380 1308 a
1397 1262 1629 1310 voluntate
1644 1263 1799 1327 populi
1815 1264 2040 1315 Romani:

382 1324 434 1369 &
450 1339 556 1369 cum
579 1323 642 1369 illi
667 1327 691 1353 *
712 1337 872 1370 contra
904 1337 1103 1370 mentem
1131 1339 1183 1370 ac
1210 1338 1390 1370 morem
1425 1326 1581 1389 populi
1608 1325 1847 1373 Romani*
1863 1326 2042 1375 femina>

380 1382 532 1432 Irenes
548 1383 767 1433 subiiffent
782 1386 1022 1448 imperium
1038 1423 1049 1436 ‚
1082 1398 1133 1433 ut
1150 1385 1256 1433 alias
1274 1385 1427 1434 causas
1444 1390 1709 1435 omittamus
1724 1423 1735 1440 ‚
1774 1391 1940 1437 merito
1954 1405 2041 1454 po·

379 1448 510 1512 pulus
525 1447 761 1496 Romanus
785 1448 907 1495 illam
931 1446 1265 1497 concessionem
1290 1449 1381 1497 five
1395 1451 1643 1513 expressam
1661 1451 1750 1499 five
1767 1454 1948 1500 tacitam
1968 1466 2042 1500 re-

382 1511 596 1560 vocavit,
628 1512 678 1558 &
691 1528 771 1574 per
786 1510 830 1559 se
846 1512 1176 1574 Imperatorem
1192 1510 1303 1576 legit
1322 1550 1335 1569 ,
1369 1526 1421 1559 ac
1438 1528 1555 1560 voce
1581 1514 1715 1576 primi
1732 1515 1844 1563 civis
1860 1552 1871 1572 ,
1909 1515 1958 1561 id
1973 1515 2038 1562 est

379 1571 592 1638 Episcopi
608 1573 669 1622 sui
696 1574 714 1634 (
729 1575 972 1637 quomodo
990 1575 1094 1622 &in
1109 1573 1290 1622 Iudaica
1305 1575 1535 1638 republica
1564 1592 1674 1641 rege
1699 1592 1790 1623 non
1819 1577 2038 1625 existente

377 1638 525 1701 prima
541 1653 638 1684 erat
655 1637 814 1684 summi
829 1636 1055 1684 Pontificis
1068 1635 1256 1702 persona
1273 1639 1289 1699 )
1307 1639 1628 1700 pronuntiavit.
1662 1636 1762 1685 Fuit
1778 1652 1929 1687 autem
1946 1640 2040 1690 haec

378 1698 542 1747 elefflo
560 1698 804 1765 personalis
819 1701 864 1747 in
880 1699 1105 1748 Carolum
1123 1699 1346 1764 Magnum
1361 1738 1374 1758 ,
1407 1701 1457 1746 δε
1505 1699 1693 1748 uosdam
1713 1702 1809 1760 ejus
1824 1700 2040 1750 successo-

378 1778 451 1811 res
470 1777 484 1809 :
516 1766 543 1794 *
568 1763 642 1826 qui
669 1762 747 1826 ipfi
762 1765 832 1824 jus
845 1764 1022 1826 imperii
1038 1761 1168 1826 quod
1184 1759 1406 1810 habebant
1422 1716 1674 1812 inimcos
1693 1801 1705 1821 ,
1732 1777 1781 1810 ut
1799 1764 2039 1812 &inLan-

410 1825 614 1873 obardos
637 1864 645 1880 ‚
681 1829 708 1873 a
735 1827 836 1886 jure
851 1827 1029 1889 imperii
1056 1828 1103 1872 in
1119 1825 1357 1875 Romanos
1377 1864 1388 1882 ‚
1419 1840 1469 1883 ut
1485 1842 1605 1873 nova
1620 1841 1676 1872 ex
1693 1826 1818 1873 causa
1835 1827 2034 1890 quaefitO,

397 1888 565 1937 ollicite
583 1888 886 1937 distinxerunt.
926 1892 950 1918 *
982 1887 1142 1936 Postea
1178 1904 1287 1938 vero
1320 1886 1466 1936 diviso
1496 1889 1771 1936 Francorum
1802 1891 1974 1952 populo
1989 1891 2036 1937 in

376 1951 730 2000 Occidentalem
750 1953 825 2014 qui
842 1950 1041 2000 Galliam
1059 1968 1172 1999 nunc
1188 1950 1366 1998 obtinet
1384 1989 1395 2008 ,
1430 1952 1479 1996 δε
1497 1950 1782 1999 Orientalem
1812 1955 1889 2013 qui
1916 1954 2038 1999 Ger-

375 2016 575 2069 maniam
592 2014 683 2063 five
700 2014 982 2062 Alemaniam
1003 2029 1125 2063 tenet
1151 2014 1264 2073 (duo
1278 2014 1555 2061 Francorum
1571 2029 1707 2078 regna
1723 2028 1860 2061 vocat
1877 2012 2038 2061 Frisiu-

374 2078 519 2143 gensis
536 2080 552 2137 )
583 2093 686 2124 cum
700 2078 900 2140 populus
914 2077 1189 2125 Francorum
1203 2076 1432 2124 orientalis
1448 2075 1658 2139 eligendo
1674 2071 1753 2122 fibi
1767 2092 1895 2140 reges
1912 2073 2038 2123 face-

374 2156 425 2188 re
441 2141 639 2204 coepisset
672 2140 688 2199 (
704 2144 729 2171 *
747 2157 852 2188 nam
884 2142 933 2187 &
960 2138 1019 2187 ad
1047 2140 1094 2188 id
1118 2156 1296 2201 tempus
1321 2139 1599 2186 Francorum
1628 2154 1788 2202 regum
1820 2138 2033 2186 successio

373 2203 495 2265 quasi
514 2203 720 2266 agnatica
735 2242 748 2261 ‚
784 2218 876 2249 non
900 2217 995 2250 tam
1013 2207 1040 2251 a
1054 2206 1154 2264 jure
1169 2217 1297 2250 certo
1315 2240 1327 2258 ‚
1362 2218 1497 2264 quam
1513 2206 1540 2249 a
1556 2204 1709 2267 populi
1727 2200 1938 2264 suffragiis
1952 2216 2035 2263 pe-

373 2262 609 2329 penderat)
628 2264 793 2329 placuit
811 2267 984 2330 populo
999 2266 1218 2315 Romano
1240 2305 1251 2323 ,
1280 2281 1372 2328 quo
1388 2266 1550 2312 certius
1565 2265 1812 2328 praelidium
1828 2263 2029 2319 haberet,

375 2343 535 2391 regem
553 2344 643 2374 non
664 2331 899 2390 proprium
919 2328 996 2377 fibi
1013 2329 1200 2385 sumere,
1215 2327 1292 2374 sed
1305 2342 1409 2375 eum
1427 2344 1563 2390 quem
1578 2327 1790 2375 Germani
1803 2323 2033 2382 feciffent3

374 2389 478 2436 *ita
491 2405 644 2436 tamen
670 2404 720 2436 ut
736 2392 808 2451 J'us
833 2389 913 2437 fibi
930 2391 1115 2453 aliquod
1132 2391 1347 2439 retineret
1399 2389 1610 2437 robandae
1624 2389 1698 2438 vel
1723 2384 2030 2451 improbanda.⁹

375 2452 605 2501 electionis
623 2491 636 2510 ,
676 2467 891 2514 quantum
925 2453 1088 2500 scilicet
1120 2469 1173 2501 ea
1189 2467 1260 2500 res
1277 2453 1336 2501 ad
1355 2405 1398 2500 ige
1414 2449 1683 2516 pertinebat.
1716 2450 1824 2498 Haec
1852 2461 2032 2512 quo-que

376 2515 650 2578 approbatio
672 2531 753 2577 per
781 2514 1054 2578 Episcopum
1070 2515 1250 2565 edici&
1268 2511 1523 2563 solemniter
1541 2513 1698 2562 testata
1711 2514 1803 2560 fieri
1822 2510 2032 2575 peculiari

376 2578 680 2625 coronatione
696 2575 885 2626 solebat.
922 2595 1059 2642 quare
1073 2593 1131 2625 ex
1142 2577 1360 2625 electione
1374 2577 1540 2641 septem
1559 2579 1805 2640 principum
1824 2573 1898 2635 qui
1915 2574 2032 2641 Get·-

377 2641 532 2688 maniae
546 2655 712 2701 corpus
728 2640 928 2688 referunt
943 2675 953 2691 ‚
973 2643 1049 2704 qui
1065 2641 1202 2688 lectus
1214 2640 1273 2687 est
1289 2643 1359 2701 jus
1378 2640 1512 2688 habet
1531 2638 1777 2703 imperandi
1796 2637 2033 2683 Germanis

378 2701 622 2750 secundum
654 2716 813 2750 eorum
834 2718 988 2751 mores
1007 2721 1018 2751 ε
1051 2719 1109 2751 ex
1125 2701 1452 2768 approbatione
1467 2717 1579 2752 vero
1598 2701 1750 2765 populi
1768 2696 1964 2746 Romani
1982 2697 2033 2743 fit

378 2766 501 2814 idem
519 2779 599 2809 rex
617 2802 628 2819 ‚
643 2778 720 2810 aut
736 2764 991 2828 Imperator
1007 2766 1242 2813 Romanus
1258 2803 1270 2822 ‚
1308 2781 1385 2814 aut
1406 2805 1418 2823 ‚
1451 2783 1499 2813 ut
1513 2763 1707 2810 historici
1726 2763 1832 2823 saepe
1847 2761 2036 2821 loquun-

377 2843 454 2875 tur
474 2865 486 2883 ,
505 2829 530 2857 *
545 2841 625 2872 rex
641 2827 916 2933 re}ni1taliae
937 2841 1096 2891 :atque
1114 2845 1171 2875 eo
1188 2827 1323 2875 titulo
1341 2827 1418 2876 sub
1434 2829 1477 2876 se
1500 2825 1635 2874 habet
1648 2838 1933 2887 quaecumque
1949 2836 2035 2884 po·-

376 2890 470 2954 puli
485 2889 682 2936 Romani
722 2904 893 2947 uerunt,
915 2906 1058 2954 neque
1073 2890 1355 2953 pactionibus
1373 2931 1384 2949 ,
1400 2906 1475 2938 aut
1492 2889 1692 2935 derelie'ti
1713 2886 2031 2947 occupatione,

379 2965 456 3009 aut
488 2951 687 2999 victoriae
701 2952 800 3011 jure
829 2953 873 2998 in
904 2954 1094 3000 aliorum
1127 2953 1403 3016 populorum
1431 2954 1669 3015 imperium
1714 2946 2037 2995 concesserunt.

377 3010 512 3062 Vnde
541 3011 654 3059 illud
683 3029 865 3075 quoque
880 3013 1066 3080 intelligi
1097 3016 1230 3063 facile
1247 3015 1392 3080 potest
1411 3054 1422 3072 ‚
1460 3030 1552 3076 quo
1571 3017 1667 3074 jure
1684 3010 1918 3078 episcop-us
1939 3006 2039 3075 Rof

379 3091 537 3123 manus
566 3090 754 3123 vacante
783 3077 974 3139 imperio
998 3117 1010 3135 ‚
1047 3084 1070 3108 *
1090 3078 1367 3125 investituras
1398 3079 1567 3127 tribuat
1599 3075 1842 3122 feudorum
1860 3082 2037 3136 imperii

378 3138 577 3188 Romani
595 3175 605 3193 ‚
626 3139 733 3199 quia
749 3137 912 3184 scilicet
930 3141 974 3185 in
992 3142 1164 3202 populo
1183 3141 1398 3188 Romano
1418 3181 1429 3198 ‚
1449 3140 1527 3187 tali
1543 3152 1752 3198 tempore
1769 3133 1929 3200 libero,
1950 3145 2038 3193 pri·

379 3212 478 3248 mas
499 3199 695 3246 obtinet.
713 3198 871 3246 Solent
888 3216 1037 3248 autem
1056 3218 1148 3263 quae
1167 3202 1264 3250 sunt
1281 3206 1488 3265 corporis
1499 3198 1682 3258 alicujus
1699 3202 1723 3227 *
1743 3212 1822 3258 per
1840 3207 2039 3256 prunam

378 3262 617 3325 perlonam
632 3264 839 3326 corporis
852 3266 1035 3312 nomine
1048 3265 1324 3329 expediri‚ut
1343 3266 1447 3314 alibi
1459 3279 1638 3328 quoque
1656 3253 2037 3315 diximus-1⁸3³]ue

1923 3329 2036 3366 vero
