2380 3917
413 316 482 361 368
845 311 1707 352 Dervnssnssttt

409 379 600 436 hostilia,
623 376 671 422 δέ
688 392 847 424 eorum
866 379 942 439 qui
961 375 1070 425 talia
1096 376 1301 425 facerent
1320 381 1543 443 principes
1572 380 1829 428 honoribus
1855 395 2091 430 ornarent<³

477 445 495 489 1
514 444 530 490 1
552 442 585 488 Ι.
618 440 863 487 Veniamus
881 439 938 486 ad
959 440 1250 503 quaestionum
1268 442 1459 490 alteram
1478 444 1538 490 de
1556 458 1742 507 receptu
1760 443 1975 492 adversus
2002 462 2098 508 poe-

411 524 501 553 nas.
541 504 700 552 Poenas
720 520 769 550 ut
788 518 890 550 ante
910 502 1109 550 diximus
1128 505 1392 551 naturaliter
1409 506 1553 552 cuivis
1569 507 1643 552 cui
1663 506 1771 552 nihil
1794 507 1934 553 simile
1952 507 2097 568 objici

412 568 558 633 potest
584 569 767 613 exiocrc
786 567 909 613 licet.
929 565 1137 613 institutis
1153 567 1412 614 civitatibus
1428 566 1476 613 id
1495 569 1682 630 quidem
1699 571 1929 625 convenit,
1942 585 1994 616 ut
2011 570 2099 616 sin·

414 633 627 696 gulorum
644 605 805 676 tselista
826 646 918 691 quae
938 631 950 675 i
988 628 1139 676 sorum
1161 645 1330 676 coetum
1349 631 1531 695 proprie
1550 630 1745 694 spectant
1761 631 1860 694 ipsis
1877 631 2097 695 ipsarum·-

412 711 499 757 qne
517 693 766 740 restoribus
799 708 883 755 pro
905 645 1095 739 arbitrio
1113 693 1340 756 punienda
1359 708 1436 740 aut
1456 692 1776 740 diffimulanda
1791 694 2097 757 relinqueren-

414 771 503 803 tur.
524 771 568 803 at
586 773 675 803 non
694 758 830 802 etiam
849 758 919 816 jus
938 771 1032 803 tam
1081 755 1233 802 lenum
1266 755 1355 803 illis
1382 755 1636 802 conceffum
1658 756 1780 804 estin
1799 756 1976 805 dehetis
1998 775 2093 820 quae

411 820 471 866 ad
486 819 746 866 societatem
768 821 1011 866 humanam
1027 835 1052 866 a
1072 820 1182 881 iquo
1201 819 1347 865 modo
1366 821 1709 882 pertinent,quae
1727 818 1932 883 persequi
1948 822 2012 868 ita
2029 822 2094 867 ci-

414 881 633 929 vitatibus
666 883 761 928 aliis
790 897 1008 928 earumve
1025 880 1278 930 rcstoribus
1305 884 1375 943 jus
1391 881 1468 939 est,
1494 882 1742 945 quomodo
1769 883 1813 929 in
1830 883 2093 932 civitatibus

415 943 595 1010 singulis
615 944 672 991 de
694 943 961 1007 quibusdam
976 942 1147 992 delictis
1172 945 1288 992 astio
1305 945 1440 992 datur
1493 946 1695 1007 opularis
1717 963 1728 994 ;
1747 947 1988 1008 multoque
2005 947 2094 993 mi-

414 1026 497 1056 nus
517 1008 628 1054 illud
645 1009 825 1071 plenum
850 1007 1086 1055 arbitrium
1105 1008 1272 1056 habent
1287 1010 1333 1056 in
1350 961 1524 1055 deliciis
1551 1008 1715 1071 quibus
1733 1007 1819 1055 alia
1837 1011 1998 1056 civitas
2013 1023 2092 1056 aut

415 1074 512 1132 ejus
533 1071 683 1118 testor
699 1071 986 1135 peculiariter
1013 1070 1132 1119 laesus
1158 1071 1231 1119 est.
1261 1074 1311 1118 &
1327 1087 1420 1135 quo
1437 1071 1632 1133 proinde
1659 1072 1844 1118 nomine
1863 1072 1938 1119 illc
1955 1071 2093 1119 illave

416 1137 483 1182 ob
500 1133 773 1198 dignitatem
804 1150 882 1182 aut
909 1133 1195 1182 securitatem
1212 1134 1335 1182 suam
1352 1137 1420 1195 jus
1438 1133 1603 1182 habent
1621 1151 1759 1200 poenae
1776 1135 2009 1200 exigendae
2026 1133 2094 1180 se·-

415 1197 617 1245 cundum
635 1213 688 1244 ea
704 1215 799 1259 quae
818 1212 918 1244 ante
937 1197 1149 1245 diximus.
1185 1196 1295 1246 Hoc
1312 1214 1425 1264 ergo
1444 1199 1514 1257 jus
1533 1200 1691 1247 civitas
1712 1196 1832 1263 apud
1850 1212 1986 1262 quem
2005 1211 2089 1244 no-

417 1277 526 1308 cens
541 1262 670 1325 degit
689 1259 838 1319 ejusve
859 1260 1011 1308 testor
1028 1262 1251 1324 impedire
1268 1279 1358 1308 non
1376 1261 1526 1308 debet.

487 1323 573 1371 IV.
613 1323 736 1370 Cum
753 1339 867 1370 vero
893 1340 984 1370 non
1000 1323 1172 1372 soleant
1192 1326 1399 1373 civitates
1415 1324 1683 1389 permittere
1696 1337 1749 1372 ut
1767 1324 1928 1371 civitas
1947 1321 2093 1370 altera

421 1401 600 1433 armata
618 1391 733 1434 intra
749 1387 858 1433 fines
883 1386 984 1435 suos
1002 1405 1140 1452 poenae
1158 1388 1416 1452 expetendae
1435 1388 1621 1434 nomine
1653 1389 1804 1434 veniat
1822 1425 1835 1443 ,
1867 1402 2013 1449 neque
2042 1383 2091 1431 id

419 1450 653 1514 expediat,
677 1450 872 1511 sequitur
890 1465 938 1496 ut
953 1451 1110 1497 civitas
1133 1452 1253 1515 apud
1279 1466 1414 1514 quem
1431 1450 1558 1515 degit
1587 1454 1612 1482 *
1633 1450 1708 1512 qui
1727 1450 1863 1513 culpae
1877 1449 1941 1497 est
1957 1464 2092 1496 com-

421 1528 591 1575 pertus,
623 1514 817 1560 alterum
835 1512 988 1560 facere
1004 1512 1197 1564 debeat,
1218 1530 1295 1562 ant
1322 1530 1371 1562 ut
1392 1514 1482 1578 ipsa
1511 1512 1794 1575 interpellata
1816 1527 1900 1576 pro
1918 1512 2089 1558 merito

418 1577 576 1638 puniat
612 1592 854 1623 nocentem
889 1615 900 1631 ,
953 1591 1030 1623 aut
1062 1592 1112 1624 ut
1147 1593 1250 1624 eum
1282 1581 1514 1640 permittat
1542 1576 1733 1624 arbitrio
1750 1575 2092 1637 interpellantis.

421 1644 445 1668 ⁷¹*
462 1640 554 1686 hoc
571 1642 694 1687 enim
709 1638 820 1686 illud
839 1639 899 1686 est
917 1639 1104 1694 dedere,
1122 1640 1248 1701 quod
1262 1642 1305 1686 in
1321 1641 1511 1688 historiis
1528 1637 1754 1702 saepiffime
1769 1639 1983 1685 occurrit.
2012 1635 2089 1683 Sic

420 1700 626 1750 Israelitae
655 1702 730 1749 alii
757 1706 783 1748 a
799 1702 1116 1761 Beniaminitis
1139 1701 1361 1766 postulant
1387 1718 1438 1750 ut
1469 1702 1638 1749 dedant
1654 1698 1937 1749 facinorosos
1955 1740 1966 1757 ,
1987 1699 2085 1747 Iud.

419 1781 509 1814 xx:
536 1765 739 1813 Philistaei
768 1763 824 1812 ab
842 1764 1047 1813 Hebraeis
1080 1780 1130 1812 ut
1161 1765 1424 1814 Samsonem
1455 1765 1573 1829 quasi
1607 1765 1862 1811 maleficum
1899 1763 1978 1811 fibi
2006 1762 2090 1809 de-

183 1817 400 1899 ξζξζύζῆἱῗο
419 1828 541 1885 dant,
562 1828 663 1876 Iud.
680 1845 760 1876 xv.
795 1827 871 1877 Sic
888 1828 1221 1876 Laccdaemonii
1240 1829 1464 1876 Messeniis
1480 1828 1648 1876 bellum
1666 1827 1907 1874 intulerunt
1926 1867 1938 1884 ,
1958 1825 2088 1890 quod

185 1923 206 1946 v
217 1921 298 1947 ιη,
334 1880 344 1899 ¹
370 1888 374 1897 ’
418 1891 766 1939 interfectorem
795 1891 1025 1955 quendam
1058 1891 1511 1940 Lacedaemoniorum
1530 1909 1624 1939 non
1651 1890 1901 1939 dederent:
1930 1889 2088 1940 &alio

419 1969 631 2020 tempore
648 1956 711 2002 ob
725 1972 816 2001 non
831 1954 1017 2003 deditos
1033 1970 1114 2001 eos
1133 1957 1210 2017 qui
1228 1956 1365 2003 miffis
1382 1955 1440 2003 ad
1459 1955 1630 2002 sacrum
1648 1953 1891 2001 viro-imbus
1910 1954 2003 1999 vim
2021 1954 2089 1998 in-

419 2019 631 2067 tulerant.
670 2019 744 2066 Sic
759 2016 985 2066 Caesarem
1002 2020 1241 2066 Germanis
1260 2017 1324 2065 ob
1335 2019 1502 2066 bellum
1519 2017 1679 2076 injuste
1691 1994 1864 2063 iffatum
1879 2015 1987 2062 dedi
2001 2030 2088 2061 vo-

421 2080 505 2128 luit
524 2080 670 2129 CatO.
708 2087 739 2116 *
770 2080 846 2128 Sic
861 2081 1027 2129 Fabios
1050 2079 1129 2127 sibi
1148 2079 1254 2128 dedi
1283 2082 1402 2129 Galli
1422 2081 1705 2144 postulabant
1735 2078 1859 2142 quod
1879 2080 1925 2126 in
1945 2078 1986 2125 se
2003 2095 2086 2141 pu*

421 2144 635 2208 gnassent.
653 2145 724 2191 Ab
743 2144 955 2192 Hernicis
970 2145 1064 2210 agri
1083 2142 1145 2190 sui
1160 2145 1455 2207 populatores
1471 2143 1581 2191 dedi
1600 2143 1676 2191 sibi
1694 2142 1968 2204 postularunt
1986 2141 2088 2188 Ro-

183 2209 298 2243 Liviiu
325 2210 402 2244 libro
424 2210 561 2263 niani,
579 2210 626 2254 &⁷
649 2217 674 2254 a
693 2209 840 2255 Poenis
859 2208 1133 2255 Amilcarem
1165 2224 1255 2255 non
1273 2207 1399 2254 illum
1416 2206 1616 2255 nobilem
1642 2208 1805 2254 ducem
1827 2245 1837 2261 ,
1854 2205 1929 2252 sed
1945 2204 2084 2251 alium

182 2267 342 2294 '‘³⁹⁴¹“
420 2273 500 2333 qui
529 2271 688 2319 Gallos
713 2271 1003 2318 concitabat:
1033 2274 1058 2301 *
1076 2270 1354 2333 postularunt
1382 2273 1430 2317 &
1461 2270 1615 2334 postea
1639 2269 1907 2316 Annibalem
1934 2282 1946 2314 ι
1971 2269 2086 2313 item

421 2335 686 2399 Iugurtham
706 2339 730 2382 a
759 2334 948 2382 Boccho
981 2333 1050 2381 his
1075 2334 1196 2396 apud
1213 2330 1469 2381 Sallustium
1500 2331 1679 2381 verbis:
1702 2335 1821 2395 fimul
1840 2335 1945 2379 nobis
1961 2334 2086 2376 deme-

421 2417 477 2443 res
495 2402 670 2445 acerbam
694 2399 996 2457 neceffitudinem
1017 2404 1168 2459 pariter
1195 2414 1233 2444 te
1264 2415 1461 2444 errantem
1480 2395 1530 2449 ΕΞ
1543 2396 1982 2457 iHumscelerattffi'mum
1994 2408 2085 2454 per-

411 2464 539 2522 sequi.
580 2460 646 2508 Ab
664 2459 763 2523 ipsis
781 2457 1002 2508 Romanis
1019 2459 1163 2507 dediti
1180 2462 1256 2522 qui
1277 2459 1717 2523 Carthaginiensium
1745 2459 1911 2520 quique
1940 2455 2086 2518 Apol-

187 2533 297 2566 Liw'm
322 2531 401 2565 libro
420 2524 692 2571 loniatarum
717 2524 876 2588 legatis
895 2539 1051 2572 manns
1076 2521 1332 2572 intulerant.
1384 2513 1535 2571 Achaei
1560 2527 1588 2570 a
1607 2519 1964 2569 Lacedaemoniis
1975 2515 2084 2565 dedi

186 2590 302 2615 ¹³0⁰*
317 2586 368 2614 ¹¹·
420 2587 496 2633 sibi
511 2587 784 2651 postularunt
801 2602 881 2633 eos
897 2588 972 2649 qui
993 2585 1238 2634 Lanvicum
1259 2587 1599 2652 oppugnassent,
1619 2581 1781 2632 'addito
1799 2585 1842 2630 ni
1859 2581 2085 2631 dederen-

188 2672 396 2706 D10d.l.xv1,
418 2663 504 2706 tur,
529 2651 747 2697 violatum
768 2650 914 2696 videri
931 2649 1074 2697 fedus.
1119 2648 1193 2697 Sic.
1217 2650 1509 2698 Athenienses
1527 2665 1608 2713 per
1624 2663 1874 2712 praeconcm
1888 2660 2085 2710 pronun-

188 2756 210 2787 r,
417 2715 582 2759 tiarunt
603 2752 613 2769 ,
644 2715 777 2776 siquis
800 2713 1006 2776 Philippo
1034 2712 1212 2760 insidias
1227 2713 1443 2760 struxisset
1462 2754 1472 2771 ,
1508 2715 1556 2759 &
1576 2713 1772 2759 Athenas
1797 2707 2081 2771 confugisset,

187 2757 406 2836 ass:}·N‘¹“'
421 2772 683 2839 Qb'imluov
708 2772 799 2830 <1304
819 2797 858 2820 ln
879 2781 1029 2834 eostam
1049 2781 1112 2837 effe
1129 2794 1172 2822 ut
1189 2781 1278 2821 dedi
1294 2781 1460 2823 deberet.
1482 2776 1636 2823 BoeOti
1656 2775 1712 2820 ab
1725 2771 2083 2838 Hippotenfibus
2150 2784 2153 2787 '

186 2852 253 2883 m,
271 2850 366 2883 ua,
422 2850 681 2897 exegerunt,
704 2851 751 2881 ut
772 2840 845 2898 qui
867 2838 1073 2885 Phocum
1092 2838 1426 2895 interfecerant,
1446 2838 1739 2885 dederentur.
1791 2840 1902 2899 Qae
1929 2834 2083 2881 omnia

185 2896 374 2940 hh.vr,c.6.
422 2911 571 2943 tamen
590 2898 644 2943 fic
663 2900 952 2963 intelligenda
968 2900 1065 2947 sunt
1083 2916 1130 2947 ut
1147 2918 1237 2947 non
1254 2901 1396 2948 stricte
1421 2902 1615 2965 populus
1642 2915 1718 2947 aut
1738 2916 1816 2947 rex
1833 2898 1890 2946 ad
1908 2897 2083 2944 deden-

420 2959 531 3006 dum
549 2976 767 3013 teneatur.
789 2965 861 3011 sed
881 2980 929 3011 ut
947 2964 1147 3010 diximus
1163 2965 1221 3011 ad
1237 2964 1499 3011 dedendum
1517 2979 1593 3010 aut
1611 2962 1900 3026 puniendum.
1950 2960 2081 3008 Nam

421 3023 482 3069 ita
496 3023 686 3088 legimus
707 3025 841 3073 Eleos
858 3027 1024 3074 bellum
1045 3027 1232 3073 intulisse
1249 3026 1601 3073 Lacedaemoniis
1623 3028 1745 3087 quod
1767 3026 1828 3072 illi
1848 3027 1891 3072 in
1907 3039 1988 3071 eos
2002 3023 2081 3085 qui

421 3086 538 3132 Eleis
572 3090 776 3148 injuriam
808 3090 1007 3137 fecissent
1039 3104 1129 3135 non
1162 3088 1607 3136 animadverterent&
1631 3088 1675 3134 id
1701 3089 1763 3136 est
1780 3105 1859 3135 nec
1876 3085 2081 3135 animad-

417 3165 645 3196 verterent
661 3167 740 3197 nec
760 3170 863 3199 teos
879 3153 1116 3199 dederent.
1149 3152 1209 3198 est
1225 3153 1342 3198 enim
1359 3151 1623 3211 disjunctiva
1643 3152 1880 3216 obligatio.
1898 3155 1924 3181 *
1938 3149 2082 3195 Inter-

421 3212 530 3258 dum
546 3215 691 3259 sontes
708 3215 1059 3276 deposcentibus
1076 3218 1206 3278 optio
1225 3215 1359 3261 datur
1376 3232 1465 3278 quo
1483 3216 1748 3262 cumulatius
1765 3214 1959 3262 satisfiat.
1977 3210 2081 3256 Cae-

191 3275 300 3311 Lka.
325 3285 399 3313 VH·
423 3276 528 3322 rites
546 3277 662 3338 apud
683 3277 864 3324 Livmm
886 3279 1108 3325 Romanis
1130 3279 1398 3343 fignificant:
1428 3285 1665 3337 transeuntes
1691 3286 1840 3339 agmine
1860 3280 1987 3339 infesto
2013 3290 2081 3332 per

421 3344 684 3401 agrumstmm
702 3345 991 3405 Tarquiniensis
1007 3362 1091 3391 cnm
1114 3359 1250 3405 prater
1273 3348 1382 3390 viam
1399 3346 1500 3389 nihil
1512 3346 1716 3404 petizffint,
1735 3344 1888 3401 traxiffi‘
1901 3342 2079 3401 quosdam

1884 3404 2080 3463 agrcstium
