2475 3854
781 236 1739 282 scrineis,txn.11.
2019 241 2093 287 265

494 302 540 353 V
554 301 595 350 Ι.
631 301 978 351 Conventiones
991 320 1086 367 quae
1101 306 1187 365 juri
1203 317 1366 353 naturae
1382 306 1552 368 aliquid
1571 306 1799 366 adjiciunt,
1815 318 1889 354 aut
1906 309 2094 369 aequales

425 366 540 424 sunt,
558 382 636 413 aut
653 367 910 427 inaequales.
947 370 971 397 *
1009 368 1216 429 AEquales
1232 369 1329 414 sunt
1350 385 1442 430 quae
1459 371 1686 432 utrimque
1704 369 1870 415 eodem
1890 370 2036 416 modo
2048 371 2093 416 se

426 428 609 491 habent,
624 426 762 475 atam
776 427 970 480 χροὶιφινὸς
985 427 1028 470 ὠ
1041 428 1281 486 ἀμφοτέῡις
1302 431 1423 486 ἕχεστ,
1444 448 1494 478 ut
1512 431 1729 478 Isocrates
1745 433 1790 480 in
1810 430 2089 494 Panegyrico

426 491 656 553 loquitur:
672 504 765 552 quo
782 490 894 536 illud
906 490 1081 554 Virgilii
1103 494 1293 552 pertinet
1309 509 1321 539 ε

705 561 785 596 Nec
795 555 893 598 mihi
908 572 1025 614 regna
1037 568 1135 614 peto,
1149 557 1306 613 paribus
1313 557 1383 609 sed
1398 556 1534 613 legibue
1551 557 1685 602 ambas

707 619 879 659 InviHas
891 631 1018 676 gentes
1033 631 1167 661 aterna
1180 622 1220 661 in
1226 618 1364 675 federa
1380 624 1550 662 mittam.

427 673 574 721 Graeci
589 671 689 720 istas
700 689 864 721 vocant
880 673 1028 722 modo
1041 674 1216 730 cuffiam
1232 675 1485 738 {impliciter
1503 714 1514 732 ,
1535 675 1681 723 modo
1699 679 1875 735 συνθήκαις
1890 678 1951 720 ἐπὶ
1973 678 2035 734 ’s'e'n
2056 682 2093 738 ες

429 735 558 793 imis-z,
591 749 640 782 ut
668 735 787 797 apud
819 737 1071 801 Appianum
1103 738 1150 783 &
1170 736 1529 801 Xenophontem
1558 739 1717 786 videre
1745 741 1804 786 est
1826 759 1834 788 :
1855 742 1932 787 has
1949 744 2093 804 magis

428 799 619 861 proprie
635 792 792 844 πονδδκὶς
806 799 854 843 &
874 814 1089 863 quatenus
1105 801 1253 846 minus
1270 799 1434 864 dignos
1451 800 1681 864 respiciunt
1698 801 1964 858 ωςςφάγμσιᾶι
1982 839 1993 854 ,
2011 819 2090 850 aut

430 860 609 916 σωθῆκσκ,
624 860 676 899 032⁴
691 863 759 900 τῶν
775 858 1061 915 ἓπτᾶινμωίτων,
1086 877 1197 924 quas
1214 862 1543 909 Demosthenes
1565 865 1610 909 in
1639 867 1844 911 oratione
1875 866 1933 911 de
1961 863 2094 911 Rho-

430 921 618 969 diorum
635 920 1095 987 libertate,fugiendas
1111 924 1173 971 ait
1191 925 1257 970 his
1275 927 1346 988 qui
1361 925 1613 972 libertatem
1633 941 1799 984 amant,
1819 927 1921 990 quia
1937 925 1994 973 ad
2007 926 2098 976 ser-

432 986 628 1036 vitutem
645 985 860 1031 accedant
878 987 1102 1047 proxime.
1120 984 1355 1049 Vtriusque
1367 987 1496 1035 modi
1516 986 1668 1033 federa
1685 1002 1760 1035 aut
1809 990 1911 1043 acis,
1930 1003 2005 1034 aut
2021 987 2091 1034 so-

431 1048 609 1094 cietatis
622 1045 807 1108 alicujus
821 1047 930 1100 fiunt
945 1047 1087 1095 causa.
1105 1048 1307 1111 AEqualia
1323 1051 1457 1112 pacis,
1483 1064 1532 1096 ut
1547 1065 1638 1111 qua:
1650 1049 1708 1095 de
1724 1066 1769 1097 re
1809 1049 1999 1097 ituendis
2014 1065 2092 1095 ca-

430 1110 584 1179 ptivis,
605 1110 737 1155 rebus
752 1125 806 1156 ca
837 1111 908 1166 tis,
928 1111 976 1157 &
991 1110 1050 1158 ad
1064 1109 1346 1161 securitatem
1366 1113 1591 1158 conveniri
1607 1110 1746 1158 solent
1766 1150 1776 1166 ,
1799 1129 1884 1175 qua
1900 1111 1958 1157 de
1978 1124 2091 1158 rea-

431 1171 632 1239 gendum
648 1172 734 1219 erit
749 1173 791 1218 in
838 1188 863 1218 a
879 1174 925 1218 in
941 1171 1053 1220 belli
1069 1172 1298 1220 effeffibus
1316 1176 1364 1220 &
1378 1173 1695 1221 consectaneis.
1729 1174 1933 1237 AEqualia
1948 1172 2092 1219 socie-

429 1236 548 1290 tatis,
558 1248 635 1280 aut
652 1233 709 1280 ad
725 1236 1000 1288 commercia
1016 1238 1337 1300 pertinent,aut
1357 1236 1414 1283 ad
1431 1236 1532 1282 belli
1548 1237 2016 1293 communitatem‚aut
2032 1235 2092 1282 ad

389 1318 391 1320 >
430 1313 505 1346 res
523 1297 641 1343 alias.
661 1297 870 1362 AEquales
887 1297 946 1345 de
962 1300 1248 1345 commerciis
1265 1298 1490 1361 pastiones
1507 1299 1634 1345 variae
1650 1298 1733 1345 esse
1747 1297 1923 1359 poffunt
1949 1334 1960 1353 ,
1979 1313 2090 1359 puta

431 1360 640 1422 utrinque
654 1375 709 1405 ne
721 1359 915 1423 vestigal
925 1361 1068 1407 ullum
1083 1359 1282 1407 solvatur
1301 1400 1311 1418 ,
1327 1360 1453 1424 quod
1465 1363 1509 1408 in
1527 1375 1679 1409 vetere
1694 1374 1793 1407 etat
1816 1359 1969 1407 federe
1987 1359 2090 1405 Ro-

431 1437 676 1471 manorum
694 1421 1204 1488 &Carthaginiensium
1219 1438 1411 1487 excepto
1443 1439 1500 1470 eo
1518 1421 1642 1486 quod
1660 1421 1809 1469 scribae
1826 1423 1874 1468 δε
1890 1422 2085 1483 praeconi

432 1485 629 1532 dabatur
645 1521 655 1539 ,
696 1501 773 1532 aut
800 1501 853 1531 ne
882 1487 1027 1545 majus
1061 1484 1257 1533 solvatur
1290 1502 1426 1549 quain
1444 1488 1488 1533 in
1520 1485 1701 1547 praesens
1719 1522 1731 1541 ‚
1746 1499 1821 1531 aut
1838 1483 1896 1530 ad
1914 1497 2089 1531 certam

432 1547 745 1613 quantitatem.
762 1547 836 1596 Sic
855 1550 903 1594 &
919 1550 963 1595 in
974 1548 1134 1595 bellica
1154 1547 1369 1596 societate
1387 1562 1437 1595 ut
1469 1547 1627 1594 auxilia
1644 1545 1894 1611 praestentur
1907 1547 2028 1609 paria
2040 1561 2092 1592 e-

432 1613 626 1673 quitum,
640 1609 1162 1672 peditum,navium,five
1178 1610 1236 1657 ad
1252 1626 1387 1657 omne
1404 1610 1572 1657 bellum
1587 1608 1709 1671 quod
1729 1610 1874 1656 Graeci
1887 1612 1910 1638 *
1930 1608 2092 1662 ἔνιψ’·-

431 1673 528 1735 ’κίσω
556 1687 721 1727 vocant
740 1713 751 1730 ,
771 1676 820 1720 δε
851 1675 1050 1737 explicat
1082 1673 1382 1736 Thucydides
1413 1673 1479 1718 rin
1490 1671 1594 1717 εἰυἻὲς
1607 1670 1732 1726 {nopes
1761 1674 1796 1730 ’ς
1822 1670 1936 1724 φίλας
1949 1668 2093 1726 νομιξάν

434 1739 580 1795 easdem
595 1739 707 1794 hostes
725 1741 775 1793 &2
787 1745 926 1782 amicos
939 1739 1105 1791 habere:
1139 1736 1264 1799 quod
1281 1738 1329 1783 δε
1340 1734 1457 1798 apud
1475 1734 1653 1782 Livium
1671 1732 1780 1797 saepe
1795 1734 1987 1795 reperias
2006 1770 2017 1789 ,
2037 1731 2092 1776 fi-

433 1813 494 1846 ve
511 1797 570 1844 ad
588 1798 785 1846 tuendos
802 1800 908 1848 fines
923 1799 1158 1854 duntaxat,
1172 1798 1296 1862 quod
1309 1804 1403 1851 {mu
1411 1796 1530 1850 axiam
1546 1829 1558 1848 ‚
1588 1795 1676 1842 five
1704 1796 1764 1843 ad
1795 1810 1968 1842 certum
1988 1792 2088 1863 bffl-

431 1860 544 1916 lum,
564 1861 701 1907 autin
719 1877 874 1909 certos
889 1861 1145 1919 hostes,aut
1162 1863 1205 1908 in
1224 1877 1379 1926 omnes
1393 1858 1576 1922 quidem
1593 1896 1605 1914 ,
1621 1857 1697 1905 sed
1723 1859 1920 1921 exceptis
1945 1855 2092 1910 sociis,

433 1925 549 1971 utin
566 1923 724 1970 federe
741 1925 858 1971 inter
874 1924 1041 1972 Poenos
1075 1927 1124 1972 &
1136 1924 1417 1972 Macedonas
1436 1959 1448 1977 ‚
1468 1920 1591 1984 quod
1609 1920 1727 1984 apud
1745 1920 1987 1981 Polybium
2001 1916 2090 1964 est:

434 1987 680 2050 quomodo
701 1989 750 2032 &
769 1988 802 2034 R
814 1987 942 2034 hodii
973 1988 1209 2051 Antigono
1227 1990 1272 2033 δι’
1291 1986 1532 2035 Demetrio
1550 1998 1628 2047 per
1644 1982 1775 2029 fedus
1805 1981 1968 2028 auxilia
1981 1994 2090 2041 pro·
2109 1991 2318 2045 vegevene-

435 2048 649 2097 miserunt
664 2051 707 2096 in
727 2051 875 2103 hostes
892 2048 1076 2113 quosvis
1093 2065 1287 2115 excepto
1303 2049 1560 2112 Ptolemaeo.
1601 2045 1750 2093 Potest
1768 2082 1780 2100 ,
1812 2059 1862 2090 ut
1877 2043 2085 2112 diximus,
2108 2047 2178 2077 “¹⁴²-

435 2115 603 2175 aequale
626 2110 760 2160 fedus
786 2116 834 2159 &
852 2112 909 2159 ad
929 2129 999 2160 res
1016 2114 1122 2159 alias
1155 2115 1377 2175 pertinere
1393 2151 1404 2168 ,
1441 2114 1470 2143 *
1506 2123 1553 2155 ut
1570 2123 1622 2153 ne
1636 2108 1678 2154 in
1696 2106 1890 2175 confinio
1909 2105 2090 2150 alterius

436 2178 553 2232 alter
567 2190 690 2223 arces
706 2177 874 2223 habeat
898 2214 909 2231 ,
931 2191 987 2223 ne
997 2174 1202 2223 subditos
1218 2176 1397 2223 alterius
1414 2171 1527 2220 alter
1545 2170 1758 2217 defendat
1777 2207 1790 2226 ,
1807 2186 1861 2215 ne
1874 2182 1963 2214 iter
1979 2166 2089 2212 alte-

435 2240 529 2286 rius
546 2238 659 2284 hosti
677 2239 885 2299 prxbeat.
1910 2292 1918 2299 ·

502 2299 547 2348 V
561 2302 580 2348 Ι
594 2301 634 2349 Ι.
668 2302 739 2348 Ex
755 2299 992 2363 :equalibus
1010 2301 1156 2363 qualia
1174 2300 1256 2348 sint
1275 2297 1498 2361 inaequalia
1513 2295 1645 2343 facile
1661 2293 1722 2341 est
1736 2293 1941 2355 intelligi.
1972 2288 2090 2359 Pro-

438 2365 683 2419 mittuntur
699 2378 850 2412 autem
868 2365 1094 2426 inaequalia
1125 2378 1200 2410 aur
1215 2379 1273 2410 ex
1289 2376 1413 2425 parte
1429 2360 1631 2424 digniori
1649 2395 1659 2414 ,
1678 2371 1751 2403 aut
1769 2371 1825 2402 ex
1839 2356 1982 2424 minus
2015 2351 2089 2397 di-

439 2431 548 2493 gna.
565 2426 633 2473 Ex
649 2442 775 2491 parte
791 2425 1002 2489 digniori,
1022 2440 1073 2473 ut
1090 2426 1119 2473 fi
1137 2427 1234 2488 quis
1250 2424 1409 2470 auxilia
1427 2423 1663 2486 promittat
1676 2458 1686 2473 ,
1702 2434 1781 2465 nec
1798 2415 2089 2477 restipuletur,

439 2504 518 2537 aut
535 2494 710 2549 majora
726 2489 968 2553 promittat
986 2488 1081 2537 :Ex
1100 2493 1225 2559 parte
1238 2485 1479 2542 indigniori
1498 2482 1741 2544 inaequalia,
1772 2476 2092 2554 autqutxlsocra·

439 2564 509 2602 tes
533 2551 656 2599 dieto
684 2552 962 2614 Panegyrico
989 2551 1190 2611 loquitur
1215 2588 1227 2605 ,
1248 2549 1376 2592 πέτὲς
1393 2544 1507 2601 {ii-{pus
1523 2541 1731 2613 ἐλσνῆοῧνὸξ
1747 2536 1861 2604 0⁵&
1881 2558 1920 2580 »n
1934 2535 2092 2608 ὧΰξαον,

375 2638 380 2642 ·
440 2614 540 2665 sunt
557 2630 612 2661 ea
630 2632 723 2678 quae
738 2614 932 2660 diximus
943 2610 1222 2666 ωεοπέγμςιᾶι,
1237 2626 1312 2657 aut
1327 2605 1558 2677 amariam&
1576 2621 1744 2677 vpcarlt·
1778 2605 1833 2674 ΕΡ
1864 2603 1953 2648 haec
1999 2598 2092 2661 ¹Ps²

442 2692 519 2724 aut
534 2693 637 2724 cum
649 2677 966 2724 imminutione
983 2674 1080 2722 sunt
1095 2674 1286 2734 imperii,
1309 2686 1385 2717 aut
1395 2671 1422 2718 fi
1429 2686 1485 2716 ne
1499 2685 1591 2729 ejus
1609 2680 1933 2737 imminutione.
1967 2661 2092 2708 Cum

440 2741 758 2787 imminutione
769 2736 961 2801 imperii,
978 2752 1028 2785 ut
1054 2739 1098 2783 in
1129 2734 1322 2783 secundo
1357 2731 1516 2780 federe
1543 2727 1975 2793 Carthaginiensium·
1988 2740 2093 2771 cum

441 2801 679 2857 Romanis,
700 2817 756 2848 ne
768 2802 839 2849 cui
859 2797 1246 2863 Carthaginienses
1259 2796 1427 2843 bellum
1447 2794 1647 2840 facerent
1660 2790 1810 2849 injuffu
1829 2787 1977 2852 populi
1996 2786 2092 2832 Ro-

442 2867 576 2912 mani.
612 2865 684 2912 Ab
717 2880 775 2910 eo
807 2878 1016 2926 tempore
1035 2902 1046 2919 ,
1082 2875 1131 2908 ut
1162 2861 1386 2922 Appianas
1414 2857 1613 2918 loquitur
1631 2892 1642 2909 ,
1662 2848 1889 2908 Κωρχηδῖνωι
1910 2849 2092 2903 tapnim

445 2927 618 2973 &vinnon
629 2926 819 2975 ἕνωσονῶς,
839 2926 1162 2986 Carthaginienses
1180 2927 1350 2966 Romanis
1364 2939 1410 2966 ex
1419 2923 1543 2979 federe
1555 2936 1697 2963 morem
1709 2919 1897 2976 gerebant.
1938 2910 1971 2956 P
1975 2910 2090 2956 otest

444 2990 553 3037 addi
565 2991 666 3036 huic
687 2989 840 3054 generi
852 2987 1027 3034 deditio
1044 2984 1367 3036 conditionata,
1390 2980 1461 3026 nisi
1479 2978 1603 3040 quod
1619 2978 1691 3024 illa
1706 2973 2091 3043 nonimniinutio-

444 3069 549 3099 nem
565 3090 576 3108 ,
594 3051 670 3098 sed
688 3050 1014 3097 transsationem
1050 3050 1191 3093 totius
1206 3044 1378 3105 imperii
1398 3044 1620 3088 continet,
1652 3056 1738 3101 qua
1755 3037 1813 3084 de
1831 3052 1879 3106 re
1895 3035 2091 3104 diximus

445 3115 566 3162 alibi.
586 3115 752 3161 Talem
772 3127 920 3158 autem
939 3110 1290 3157 conventionem
1316 3103 1482 3150 federis
1513 3103 1696 3166 nomine
1714 3139 1725 3156 ‚
1757 3101 1805 3146 δε
1820 3097 1920 3144 alibi
1939 3096 2091 3142 Livius

445 3164 656 3240 appellat,
676 3190 725 3223 ut
740 3173 857 3220 libro
880 3189 902 3220 1
908 3191 938 3219 X
955 3189 967 3220 z
983 3182 1114 3217 Teates
1130 3179 1171 3214 A
1169 3172 1251 3230 puli
1262 3173 1564 3227 impetraverunt
1578 3167 1745 3221 utfetlus
1761 3165 1919 3230 diarettfr
1954 3196 1964 3213 ,
1978 3176 2092 3225 neque

449 3256 492 3288 ut
504 3258 601 3301 aquo
614 3255 748 3286 tamen
752 3240 888 3299 fidere
909 3273 922 3293 ,
931 3237 1054 3293 sedut
1068 3239 1107 3279 in
1123 3232 1398 3290 ditionepopuli
1414 3232 1573 3274 Rotnani
1596 3227 1723 3283 effint,
1751 3222 1855 3269 Sine
1881 3235 2092 3266 imminu-

1531 3285 1576 3333 R
1613 3298 1638 3350 ς
1975 3281 2092 3326 tione
