2475 3854
788 245 1746 294 ACPACIS,LIB.11.
1996 260 2069 300 299

411 312 635 378 dignitati,
653 309 730 359 sed
746 313 795 360 &
809 314 908 372 ejus
925 314 997 374 qui
1008 313 1205 358 mittitur
1223 312 1460 360 securitati.
1493 328 1633 375 quare
1657 331 1758 362 cum
1778 314 1868 363 hoc
1884 331 2068 379 quoque

412 381 552 423 tacite
571 378 870 422 contrahitur.
903 375 1023 422 Huic
1039 389 1151 437 ergo
1169 377 1218 421 fit
1241 376 1404 435 injuria
1423 413 1433 431 ,
1477 377 1613 423 etiam
1627 376 1656 424 fi
1670 379 1711 423 ei
1726 380 1801 440 qui
1821 380 1935 426 misit
1949 381 2067 426 nulla

412 439 505 486 fiat.
540 438 653 484 Non
675 441 811 502 igitur
822 440 1104 501 magnanime
1121 452 1311 495 tantum,
1332 437 1406 484 sed
1426 440 1474 485 δε
1493 455 1548 486 ex
1564 442 1661 500 jure
1672 443 1874 503 gentium
1893 441 2063 504 Scipio,

413 502 490 565 qui
508 500 746 563 postquam
761 502 802 546 le
837 502 896 546 ati
925 501 1242 548 Romanorum
1274 505 1299 548 a
1331 501 1767 565 Carthaginiensibus
1795 504 1912 552 male
1926 507 2063 552 essent
2083 502 2221 550 app&
2230 501 2298 538 hee-

414 562 718 611 habiti‚du6tis
732 561 790 610 ad
822 579 846 607 e
865 561 1296 628 Carthaginiensium
1314 564 1540 627 legatis‚&
1558 565 1665 626 quid
1682 567 1778 613 fieri
1793 567 1979 614 deberet
1996 569 2062 613 in-
2083 549 2111 581 [ο
2124 552 2203 586 ‘³¹⁰¹‘

414 638 672 688 terrogatus
690 663 702 681 ,
737 624 968 689 respondit
1001 626 1026 652 *
1063 626 1172 671 nihil
1188 626 1277 673 tale
1294 628 1426 688 quale
1442 626 1609 673 fac'tum
1627 627 1733 675 esset
1766 633 1792 675 a
1815 628 2062 693 Carthagi-

413 689 651 735 niensibus.
670 687 813 735 Addit
831 687 985 737 Livius
995 687 1148 734 dixisse
1161 703 1266 736 eum
1288 710 1300 744 5
1319 689 1426 736 nihil
1445 688 1486 735 se
1502 689 1723 737 fasturum
1753 691 1956 739 institutis
1975 708 2061 755 po·
2080 688 2254 767 {jz-¹⁸¹·

415 751 509 812 puli
525 750 719 798 Romani
734 750 986 814 indignum.
1016 751 1220 798 Valerius
1236 752 1468 798 Maximus
1487 750 1759 800 Consulibus
1784 754 2001 801 Romanis
2017 757 2061 800 in
2108 748 2118 768 '
2141 742 2294 779 ‘*¹'⁶’⁷’

416 810 542 859 fafito
562 812 707 870 sunni,
724 812 799 860 sed
815 816 1066 877 antiquiore
1080 815 1193 861 hanc
1205 814 1365 861 tribuit
1382 819 1644 873 vocem:1sto
1658 832 1694 860 te
1706 832 1823 870 metu7
1850 827 1999 871 Hanno,
2010 820 2061 872 fi-

412 878 476 921 des
491 881 666 922 civitatis
680 880 800 934 nostra
819 879 974 924 liberat.
1010 874 1138 923 Nam
1167 891 1273 923 tunc
1298 892 1478 939 quoque
1495 875 1716 925 Cornelio
1739 877 1876 926 Afinae
1902 893 2060 926 contra

413 937 486 996 jus
500 937 739 1000 legationis
753 937 919 998 injecit-ae
934 942 960 985 a
977 938 1121 986 Poenis
1135 953 1296 985 catenae
1313 938 1505 985 fuerant.

480 999 522 1046 V
537 1001 556 1045 l
574 999 594 1045 Ι
611 999 647 1046 Ι.
679 998 890 1048 Comites
908 1015 1092 1064 quoque
1106 1001 1154 1046 &
1169 1001 1270 1049 vasa
1286 1002 1541 1065 legatorum
1554 1000 1614 1047 sui
1629 1004 1801 1066 generis
1825 1001 2063 1050 sanffimo·

412 1063 535 1109 niam
548 1060 730 1111 habent.
741 1061 913 1110 undein
931 1067 1114 1126 antiquo
1129 1062 1355 1111 fecialium
1374 1066 1569 1111 carmine
1582 1079 1704 1111 erat:
1725 1074 1804 1112 Rex
1818 1101 1829 1115 ,
1844 1071 1984 1126 factsne
1998 1085 2057 1113 me

411 1140 458 1172 tu
471 1131 617 1186 regium
627 1132 808 1172 nuntium
821 1130 946 1188 populi
979 1133 1141 1174 Romani
1160 1134 1409 1189 Qiritium?
1436 1131 1529 1188 vasa
1545 1132 1758 1188 comiteffiue
1774 1147 1868 1174 meos
1886 1141 1902 1170 .²
1918 1127 1976 1173 Et
1993 1128 2056 1174 le·
2078 1130 2117 1161 L.
2128 1128 2194 1174 ‘eg‘
2206 1129 2293 1163 ¹¹⁸⁵ss

446 1201 472 1232 e
489 1186 600 1236 Iulia
616 1186 675 1233 de
686 1188 730 1237 vi
756 1186 933 1251 publica
951 1190 1091 1237 teneri
1116 1191 1460 1251 pronuntiantur
1489 1205 1579 1234 non
1595 1191 1740 1235 modo
1775 1190 1850 1252 qui
1869 1190 2055 1251 legatos,
2077 1176 2290 1267 ssffpsszssl·

410 1201 487 1296 {ed
507 1251 556 1295 δε
572 1250 645 1312 qui
662 1251 856 1296 comites
875 1266 1036 1298 eorum
1052 1252 1212 1310 injuria
1246 1250 1499 1298 affecerunt.
1527 1251 1619 1297 Sed
1635 1253 1724 1298 haec
1753 1252 1778 1279 *
1805 1251 1946 1297 sanc’ta
1963 1251 2060 1298 sunt
2257 1246 2269 1256 “

410 1310 665 1368 accefforie‚
685 1314 731 1358 &
777 1312 936 1358 roinde
952 1327 1165 1376 quatenus
1177 1313 1328 1377 legato
1345 1314 1535 1363 videtur.
1562 1314 1719 1376 Itaque
1749 1313 1778 1360 fi
1796 1314 1903 1376 quid
1916 1315 2060 1360 comi-

410 1387 482 1421 tes
496 1376 676 1438 gravius
688 1328 975 1437 deliquerint,
993 1375 1200 1440 postulari
1219 1383 1245 1425 a
1261 1379 1412 1440 legato
1457 1377 1598 1423 orerit
1612 1392 1659 1421 ut
1672 1392 1753 1424 eos
1765 1375 1916 1422 dedat.
1951 1376 1976 1404 *
2001 1376 2060 1423 Vi
2208 1427 2213 1432 ,

410 1438 532 1483 enim
549 1435 830 1484 abstrahendi
848 1454 941 1487 non
953 1438 1045 1486 sunt
1063 1437 1217 1501 :quod
1234 1456 1336 1486 cum
1358 1439 1402 1487 fa
1448 1456 1522 1485 um
1539 1437 1642 1484 effet
1658 1439 1713 1485 ab
1726 1439 1895 1485 Achaeis
1911 1439 1953 1483 in
1971 1438 2060 1485 La·
2078 1423 2170 1511 ¹:2¹?
2189 1425 2268 1460 ΜΝ

409 1498 714 1547 cedaemonios
741 1499 961 1562 quosdam
983 1540 994 1559 ‚
1017 1502 1211 1563 quicum
1240 1502 1402 1567 legatis
1423 1501 1639 1548 Romanis
1657 1516 1779 1547 erant
1797 1540 1807 1553 ,
1823 1501 2062 1547 vociferati
2154 1496 2166 1509 ”

410 1560 510 1608 sunt
525 1560 724 1609 Romani
728 1567 803 1627 jus
813 1566 1015 1626 gentium
1029 1563 1139 1611 laedi.
1154 1579 1246 1626 quo
1262 1564 1422 1612 referri
1437 1566 1571 1611 etiam
1589 1564 1732 1623 potest
1745 1563 1930 1609 Sallustii
1945 1565 2068 1624 judi-

410 1625 530 1671 cium
545 1625 604 1671 de
621 1625 878 1673 Bomilcare
909 1644 1002 1688 quo
1020 1624 1146 1690 supra
1175 1628 1236 1674 ufi
1261 1627 1427 1674 sumus.
1461 1626 1605 1686 Qod
1623 1626 1650 1672 si
1668 1625 1838 1672 dedere
1854 1641 1932 1672 eos
1948 1627 2064 1673 nolit

418 1686 597 1754 legatus
616 1725 628 1744 ‚
649 1687 811 1735 eadem
846 1689 1010 1736 scilicet
1039 1688 1245 1736 facienda
1273 1706 1401 1736 erunt
1432 1706 1522 1751 quae
1538 1688 1683 1734 modo
1698 1689 1756 1734 de
1777 1689 1928 1750 legato
1946 1690 2064 1735 dixi-

414 1765 532 1796 mus.
558 1750 653 1814 Ipse
669 1765 822 1797 aurem
838 1753 1010 1817 legatus
1028 1768 1081 1798 an
1096 1751 1443 1810 jurisdic‘tionem
1462 1751 1624 1798 habeat
1635 1754 1678 1796 in
1692 1750 1908 1797 familiam
1928 1749 2062 1803 suam,

410 1813 460 1859 δε
494 1816 519 1843 *
547 1829 600 1858 an
618 1814 689 1873 jus
721 1811 826 1874 asyli
854 1816 899 1861 in
915 1813 1061 1861 domo
1078 1813 1152 1861 sua
1185 1832 1269 1879 pro
1285 1814 1509 1877 quibusvis
1525 1830 1582 1859 eo
1599 1812 1960 1876 confugientibus
1977 1853 1988 1869 ,
2006 1831 2066 1860 ex

409 1875 695 1923 conceffione
723 1875 891 1939 pendet
916 1878 1013 1939 ejus
1044 1875 1163 1941 apud
1182 1893 1315 1943 quem
1332 1879 1438 1942 agit,
1470 1876 1588 1925 Istud
1606 1877 1723 1925 enim
1739 1878 1849 1937 juris
1860 1878 2063 1939 gentium

408 1953 502 1986 non
517 1938 590 1985 est.

477 2001 497 2048 1
515 2000 580 2048 Χ.
615 2001 741 2049 Bona
756 2005 1082 2069 quoquelegati
1105 2003 1293 2051 mobilia
1311 2040 1322 2055 ‚
1340 2002 1388 2048 &
1405 2019 1497 2066 quae
1510 2002 1699 2064 proinde
1727 2000 1945 2047 habentur
1957 2014 2061 2062 per-

383 2075 387 2081 “
409 2060 525 2110 sonae
543 2064 749 2120 acceffio,
768 2067 967 2129 pignoris
986 2067 1208 2123 causa‚aut
1225 2066 1282 2112 ad
1302 2064 1568 2112 solutionem
1584 2063 1721 2110 debiti
1738 2064 1835 2124 capi
1853 2078 1941 2108 non
1957 2060 2062 2122 poi:-

408 2123 470 2183 se,
490 2141 569 2173 nec
581 2143 659 2189 per
671 2127 939 2187 judiciorum
958 2131 1180 2182 ordinem,
1199 2144 1295 2181 nec,
1313 2128 1438 2189 quod
1455 2127 1636 2189 quidam
1655 2126 1824 2180 volunt,
1842 2140 1974 2171 manu
1987 2139 2059 2167 re-

409 2190 502 2253 gia,
520 2193 668 2236 verius
683 2189 760 2236 est.
777 2207 879 2238 nam
898 2194 1042 2240 omnis
1058 2191 1238 2239 coaffio
1262 2189 1404 2237 abess'e
1421 2195 1447 2237 a
1475 2191 1625 2253 legato
1638 2187 1775 2233 debet
1792 2224 1803 2241 ,
1844 2200 1933 2231 tam
1961 2201 2056 2253 qil-2

409 2265 483 2298 res
496 2253 536 2297 ei
553 2251 806 2300 necessarias
821 2270 956 2318 quam
974 2272 1066 2317 quae
1087 2253 1321 2318 personam
1340 2254 1496 2316 tangit,
1517 2266 1607 2313 quo
1623 2250 1754 2311 plena
1768 2249 1805 2293 ei
1825 2246 1875 2292 fit
1894 2245 2054 2293 {ecurt-

398 2326 494 2359 ιω.
527 2312 576 2360 Si
593 2314 701 2377 quid
719 2330 830 2378 ergo
844 2316 986 2363 debiti
1002 2321 1227 2365 contraxit
1244 2353 1256 2370 ,
1273 2316 1322 2361 &
1341 2354 1352 2371 ,
1374 2330 1423 2360 ut
1442 2315 1490 2359 fit
1510 2352 1520 2369 ‚
1540 2328 1607 2358 res
1624 2311 1704 2359 soli
1722 2307 2054 2378 colom-nullas

409 2373 649 2446 possideat,
666 2377 755 2439 ipse
770 2379 1105 2441 compellandus
1119 2379 1202 2427 erit
1220 2378 1362 2425 amice
1381 2416 1393 2433 ,
1407 2380 1455 2423 &
1472 2376 1500 2421 fi
1519 2373 1736 2421 detrectet
1757 2410 1767 2427 ‚
1784 2387 1819 2417 is
1835 2387 1907 2431 qux
1920 2374 2053 2423 milit,

382 2491 384 2493 v
410 2449 473 2485 ita
489 2452 538 2483 ut
551 2439 610 2484 ad
625 2439 898 2502 postremum
913 2440 1173 2503 usurpentur
1191 2458 1242 2489 ea
1255 2456 1350 2502 quae
1361 2436 1571 2488 adversus
1585 2435 1812 2482 debitores
1823 2447 1948 2478 extra
1964 2445 2057 2477 ter-

410 2500 621 2548 ritorium
638 2502 808 2564 positos
819 2503 1013 2566 usurpari
1033 2503 1184 2553 solent,
1740 2557 1750 2565 ⁶
1802 2555 1810 2564 .
1870 2558 1878 2565 ,

474 2562 545 2610 Χ.
573 2563 678 2610 Nec
703 2565 993 2612 metuendum
1007 2565 1067 2611 est
1080 2565 1203 2627 quod
1220 2563 1402 2627 quidam
1419 2573 1573 2625 putant
1592 2598 1603 2615 ‚
1620 2573 1676 2605 ne
1693 2556 1721 2603 fi
1738 2555 1784 2603 id
1796 2572 1903 2626 juris
1912 2555 1965 2603 fit
1979 2570 2052 2628 ne:

411 2640 494 2673 mo
511 2627 758 2673 inveniatur
775 2629 961 2689 quicum
975 2628 1127 2686 legato
1143 2626 1409 2673 contrahere
1423 2624 1546 2669 velit.
1578 2619 1702 2668 Nam
1721 2620 1769 2667 δε
1785 2618 1962 2682 regibus
1978 2630 2054 2679 qm

411 2689 519 2750 cogi
535 2703 760 2750 nequeunt
792 2704 884 2735 non
910 2680 1064 2735 desunt
1090 2690 1343 2735 creditores
1364 2725 1375 2743 ‚
1409 2687 1457 2732 &
1474 2684 1589 2747 apud
1620 2680 1833 2749 quosdam
1864 2680 2059 2750 populos

411 2751 555 2798 moris
572 2749 697 2796 fuisse
708 2750 844 2797 docet
859 2750 1082 2798 Nicolaus
1108 2751 1412 2798 Damascenus
1442 2785 1452 2803 ‚
1471 2761 1521 2792 ut
1531 2745 1590 2791 de
1606 2741 1903 2811 contrastibus
1919 2757 1994 2803 qui
2011 2756 2057 2787 in

410 2810 636 2861 creditum
654 2811 792 2858 iissent
809 2815 876 2872 jus
892 2813 1060 2859 nullum
1078 2813 1357 2868 redderetur,
1378 2825 1464 2856 non
1482 2809 1623 2871 magis
1640 2805 1805 2875 scilieet
1824 2819 1957 2865 quam
1974 2801 2056 2848 ad·-

411 2875 564 2924 versus
576 2874 777 2936 ingratos
794 2877 882 2921 :ita
899 2890 947 2921 ut
958 2890 1224 2939 cogerentur
1240 2876 1460 2925 homines,
1480 2884 1554 2916 aut
1569 2882 1733 2930 pariter
1748 2866 1934 2927 implere
1947 2880 2058 2910 con-

412 2933 622 2992 tratstum',
634 2952 708 2983 aut
721 2939 922 2986 contenti
940 2938 1023 2984 effe
1040 2937 1160 2983 nuda
1178 2938 1266 2983 fide
1283 2935 1521 2981 debitoris.
1554 2931 1610 2977 Et
1628 2942 1754 2991 optat
1771 2928 1886 2974 hunc
1904 2941 2057 2971 rerum

412 3000 574 3050 statum
592 3002 615 3029 *
630 2998 798 3046 Seneca
818 3015 830 3046 :
851 3007 1004 3047 Vtinam
1016 3004 1168 3061 quidem
1175 3002 1399 3060 persuadere
1422 3000 1595 3055 pqffitmus
1612 3029 1625 3047 ‚
1649 3008 1692 3037 ut
1701 2994 1872 3051 pecunias
1891 2991 2054 3061 croditqs

412 3079 574 3110 tantum
588 3064 614 3107 ὰ
630 3066 840 3110 volentibus
855 3067 1070 3122 acciperent.-
1082 3067 1231 3106 utinam
1249 3064 1352 3106 nulla
1359 3061 1552 3116 stipulatio
1569 3070 1742 3098 emtorem
1754 3054 1945 3096 venditori
1959 3053 2055 3093 obla-

411 3143 521 3188 garet
533 3148 544 3170 .-
563 3143 626 3170 nec
640 3130 752 3184 pad'ia
771 3139 1022 3183 conventuque
1038 3125 1209 3183 imprcffz's
1218 3124 1332 3181 stgnis
1346 3122 1628 3184 custodirentur.
1647 3117 1752 3159 Fides
1759 3120 1879 3181 Potiu-5
1897 3114 1962 3179 illst
1969 3113 2056 3179 s{''··
2098 3172 2103 3178 ι
2132 3172 2137 3179 1

414 3203 530 3234 varet
548 3224 560 3242 ,
592 3190 641 3240 εἰ
665 3204 809 3247 coquum
832 3187 944 3230 colens
961 3188 1125 3228 animus.
1141 3183 1279 3229 Persis
1307 3196 1488 3234 Quoque
1505 3180 1724 3241 Appianas
1740 3189 1801 3220 ait
1817 3171 2058 3234 displicuis-
2070 3171 2166 3208 0²¹¹?-
2181 3174 2216 3205 1.

414 3249 462 3296 se
478 3263 489 3305 ;
503 3263 506 3267 ·
522 3252 548 3280 *
582 3254 627 3291 τὸ
635 3250 809 3308 κιχςῖιοζ
818 3244 863 3292 ὡς
877 3246 1068 3290 ἀπατηλόν
1083 3262 1122 3287 π
1140 3264 1204 3306 ’5224
1219 3240 1451 3302 φιλοψευδῖς
1465 3274 1477 3303 ³.
1487 3245 1684 3304 pecuniam
1695 3239 1880 3284 cred-itam
1892 3237 2055 3295 sumere,

1930 3309 1975 3340 ut
1987 3313 2061 3357 qud
