2380 3917
293 298 370 347 236
711 292 1572 333 Dekassnssttl

296 368 542 419 levioribus
570 364 708 411 usuris
741 363 934 410 mutuati
953 399 966 418 ,
999 361 1205 425 graviori
1236 360 1421 410 foenore
1451 359 1756 409 collocassent.

364 433 414 480 X
427 431 474 478 X
487 431 516 476 1.
534 426 886 475 Observandum
903 439 1057 472 tamen
1074 423 1149 478 est,
1165 422 1251 469 effe
1264 422 1469 485 quaedam
1487 424 1513 450 ¹⁸
1524 439 1620 486 quae
1637 423 1698 471 ad
1713 422 1850 471 usurae
1868 423 1964 484 spe-

298 497 417 543 ciem
434 491 663 544 accedant,
682 505 732 535 ac
751 487 890 550 vulgo
903 485 1039 534 usurae
1057 485 1143 533 effe
1160 485 1397 533 videantur
1419 523 1431 541 ,
1449 501 1553 533 cum
1569 500 1722 533 tamen
1739 485 1867 549 pasta
1883 488 1964 535 smt

298 559 471 624 generis
490 554 698 601 alterius:
730 565 779 596 ut
800 549 858 595 de
871 547 1150 613 repensando
1168 547 1339 596 damno
1357 548 1485 610 quod
1506 548 1618 595 facit
1636 550 1712 611 qui
1729 550 1965 611 pecuniam

299 623 376 668 dat
406 631 608 665 mutuam
637 628 694 660 eo
721 611 845 674 quod
875 611 954 657 diu
967 613 1153 673 pecunia
1169 625 1319 658 careat
1338 626 1350 658 :
1379 611 1492 658 item
1518 610 1578 657 de
1593 610 1723 658 lucto
1737 611 1962 660 obmutui

299 683 533 731 dationem
549 676 740 722 cessante
758 712 770 729 ,
788 672 989 720 dedusto
1004 672 1169 721 scilicet
1188 676 1364 720 incerto
1383 671 1474 737 spei
1492 709 1503 724 ,
1534 674 1758 721 &labore
1774 676 1849 738 qui
1862 673 1966 722 sub-

299 744 470 792 eundus
501 740 665 786 fuerat.
699 736 776 783 Sic
792 738 930 784 etiam
948 752 1035 799 pro
1052 736 1258 800 impensis
1275 737 1370 797 ejus
1386 737 1462 798 qui
1487 735 1644 783 multis
1659 737 1739 785 dat
1755 752 1964 785 mutuam

302 806 556 871 pecuniam,
573 804 620 847 ὃς
636 803 678 847 in
703 801 792 846 hoc
807 814 1012 862 paratam
1030 798 1194 848 habet:
1212 801 1260 845 δέ
1272 815 1357 862 pro
1374 799 1576 864 periculo
1593 800 1850 848 amittendae
1868 799 1966 846 sor-

300 874 371 922 tis,
389 869 461 914 ubi
480 867 646 911 idonee
662 878 755 909 non
775 877 980 917 cavetur,
997 861 1027 907 fi
1040 862 1152 925 quid
1164 864 1373 926 exigitur,
1389 862 1519 910 usura
1532 877 1639 910 vere
1655 859 1746 910 non
1763 863 1844 910 est.
1862 863 1957 911 De-

300 931 554 979 mosthenes
581 926 794 973 oratione
821 926 868 970 in
902 924 1204 972 Pantaenetum
1231 960 1241 974 ‚
1261 940 1367 971 eum
1385 926 1460 987 qui
1486 925 1615 987 quod
1629 941 1688 972 ex
1706 940 1964 974 mercatura

300 1010 375 1043 aut
396 990 576 1038 honesta
606 1003 748 1050 opera
763 985 962 1049 quaefivit
993 987 1019 1014 *
1038 986 1116 1034 sub
1134 987 1323 1034 modico
1340 987 1503 1035 lucello
1519 988 1670 1037 elocat
1687 1026 1701 1045 ‚
1727 990 1896 1051 partim
1913 1003 1965 1035 ut

300 1057 425 1105 suum
444 1054 603 1104 servet,
623 1051 790 1111 partim
807 1064 856 1096 ut
870 1062 1051 1114 gratum
1067 1049 1205 1098 faciat
1221 1051 1506 1109 alteri‚negat
1522 1050 1834 1100 feneratorum
1848 1049 1965 1099 odio

298 1114 691 1182 praegravandum}

362 1170 411 1227 X
424 1179 505 1227 XI
518 1178 556 1224 Ι.
590 1176 738 1238 Leges
772 1190 887 1223 vero
917 1178 1120 1223 humanae
1152 1191 1246 1239 quae
1278 1174 1535 1223 concedunt
1565 1175 1734 1240 aliquid
1748 1196 1754 1201 ·
1768 1175 1966 1240 stipulari

301 1260 387 1307 pro
426 1240 503 1287 usu
528 1241 719 1302 pecunizc
739 1272 750 1287 ‚
784 1253 862 1284 aut
880 1239 945 1283 rei
964 1237 1178 1296 alterius3
1210 1253 1261 1285 ut
1279 1239 1399 1301 apud
1415 1239 1676 1287 Hollandos
1691 1238 1966 1301 jampridem

298 1303 554 1353 eoncessum
572 1302 631 1347 est
649 1301 744 1347 aliis
761 1299 951 1362 quidem
965 1303 990 1331 *
1009 1299 1119 1346 osto
1133 1317 1344 1348 nummos
1358 1303 1402 1348 in
1417 1316 1615 1359 centum,
1629 1301 1963 1349 mercatoribus

301 1383 451 1414 autem
469 1363 715 1410 duodecim
734 1379 819 1427 pro
837 1361 914 1408 usu
931 1362 1072 1409 annali
1089 1365 1269 1429 exigere
1287 1402 1299 1420 ,
1328 1363 1548 1426 liquidem
1567 1380 1674 1413 vere
1701 1364 1814 1411 stant
1847 1365 1968 1411 intra

301 1426 722 1491 compensationem
745 1427 842 1485 ejus
859 1424 989 1486 quod
1004 1424 1123 1472 abest
1141 1465 1153 1482 ‚
1186 1441 1263 1473 aut
1277 1424 1419 1473 abess‘e
1436 1426 1584 1490 potest
1601 1467 1613 1485 ,
1647 1441 1736 1475 non
1766 1440 1968 1491 pugnant

301 1509 408 1540 cum
422 1489 612 1537 naturali
628 1503 704 1535 ant
720 1487 880 1535 divino
896 1488 996 1547 jure
1014 1504 1025 1535 :
1044 1488 1106 1534 fin
1121 1503 1225 1535 eum
1247 1488 1438 1538 modum
1452 1489 1678 1538 excedunt
1691 1527 1705 1546 ,
1723 1489 1968 1552 impunita-

303 1571 398 1601 tem
419 1552 616 1616 praestare
626 1550 816 1613 possunt,
837 1552 906 1610 jus
923 1549 1030 1597 dare
1045 1566 1135 1597 non
1151 1549 1340 1612 possunt.

367 1616 418 1662 X
431 1616 479 1662 X
492 1613 591 1660 ΙΙΙ.
624 1612 904 1660 (Ξοιπτειᾶιιε
918 1613 1150 1660 avertendi
1164 1614 1348 1676 periculi
1367 1650 1378 1668 ,
1399 1629 1535 1676 quem
1550 1617 1577 1646 *
1595 1615 1968 1664 assecurationem

302 1692 470 1726 vocant
485 1715 496 1732 ‚
531 1676 720 1722 omnino
736 1675 879 1721 nullus
895 1676 982 1721 erit
1012 1675 1042 1722 fi
1059 1676 1421 1723 contrahentium
1443 1678 1556 1723 alter
1573 1693 1668 1725 rem
1688 1678 1749 1725 de
1761 1694 1852 1740 qua
1869 1680 1968 1743 agi-

301 1755 392 1796 tur,
411 1756 484 1787 aut
502 1738 665 1785 salvam
682 1754 775 1800 quo
792 1736 1094 1784 destinabatur
1110 1737 1367 1800 pervenisse,
1386 1753 1460 1785 aut
1477 1740 1645 1803 periisse
1656 1740 1860 1789 sciverit:
1874 1757 1967 1788 non

301 1818 480 1850 tanturn
510 1800 574 1847 ob
601 1802 842 1863 paritatem
859 1815 995 1862 quam
1028 1801 1171 1865 exigit
1199 1799 1508 1847 contractuum
1527 1804 1968 1864 permutatoriornm

302 1880 465 1913 natura
484 1904 494 1919 ‚
527 1863 604 1910 sed
620 1864 724 1925 quia
742 1863 928 1924 propria
944 1864 1132 1909 materia
1149 1863 1279 1923 hujus
1301 1863 1557 1911 contrastus
1575 1865 1634 1911 est
1651 1865 1869 1912 damnum
1888 1864 1967 1913 sub

301 1930 477 1976 ratione
503 1928 676 1973 incerti.
712 1925 907 1972 Periculi
925 1938 1080 1972 autem
1094 1926 1226 1985 hujus
1240 1925 1435 1989 pretium
1463 1939 1520 1972 ex
1535 1930 1769 1975 communi
1784 1927 1968 1976 aestima-

301 1992 428 2037 tione
446 1988 691 2050 petendum
706 1987 780 2034 est.

367 2052 418 2099 X
431 2051 480 2097 X
492 2052 512 2098 Ι
525 2050 590 2098 V.
623 2051 649 2076 *
666 2049 716 2097 In
734 2049 952 2097 societate
968 2051 1291 2114 negotiatoria,
1309 2050 1387 2098 ubi
1407 2053 1843 2114 conferturpecunia
1858 2069 1966 2101 cum

302 2115 504 2179 pecunia,
527 2112 556 2159 fi
572 2114 769 2175 pecuniae
781 2113 970 2175 aequales
984 2112 1079 2164 sint,
1096 2113 1281 2176 aequales
1297 2113 1382 2160 este
1397 2116 1537 2161 etiam
1550 2129 1738 2174 oportet
1758 2130 1908 2176 partes
1921 2118 1968 2163 in

302 2179 476 2224 damno
496 2177 543 2220 δε
556 2176 683 2222 lucro
704 2191 715 2222 :
731 2174 791 2220 fin
808 2175 1042 2235 inaequales
1058 2174 1250 2233 fuerint,
1266 2191 1416 2238 partes
1432 2191 1612 2238 quoque
1630 2177 1735 2223 fient
1751 2193 1836 2238 pro
1854 2194 1965 2225 rata.

303 2237 433 2302 quod
453 2237 713 2284 Aristoteles
729 2237 813 2282 fine
848 2237 996 2284 oetavi
1015 2236 1431 2291 Nicomachiorum
1450 2237 1506 2284 sic
1522 2239 1681 2285 extulit
1699 2255 1713 2287 :
1735 2238 1788 2280 -οἶν
1803 2240 1970 2300 genusi-

302 2316 374 2343 ·n.=v
391 2300 551 2357 κρινωνίςι
573 2298 694 2344 πλέω
708 2294 948 2355 >taff-’duum
964 2299 997 2340 οἱ
1011 2293 1302 2355 συμςαιλλᾶιᾶμοι
1313 2301 1446 2346 πλέω.
1478 2300 1626 2363 Atque
1640 2301 1763 2347 idem
1780 2301 1968 2350 habebit

303 2365 459 2411 locum
479 2363 508 2408 si
523 2378 671 2425 operae
683 2378 757 2408 aut
776 2363 963 2423 aequales
979 2378 1056 2409 aut
1071 2363 1302 2424 inaequales
1318 2362 1623 2410 conferantur.
1653 2362 1744 2410 Sed
1762 2364 1811 2410 δε
1827 2379 1969 2427 opera

308 2444 412 2472 cnm
435 2426 622 2487 pecunia
640 2462 652 2481 ,
690 2439 764 2471 aut
781 2440 886 2472 cum
901 2425 1087 2489 pecunia
1103 2425 1273 2473 &cum
1300 2441 1438 2489 opera
1454 2464 1466 2483 ,
1490 2424 1686 2474 conferri
1703 2426 1850 2490 potest
1870 2464 1884 2484 ,
1917 2442 1968 2475 ut

304 2489 394 2534 dici
413 2488 525 2534 solet
547 2503 558 2534 :

481 2560 557 2596 Par
570 2555 658 2610 pari
675 2553 815 2595 datum
830 2552 1098 2607 hostimentum
1111 2551 1162 2606 est
1173 2564 1280 2610 opera
1293 2565 1361 2612 pro
1369 2563 1539 2614 petuma.

304 2611 398 2658 Sed
417 2613 506 2658 haec
524 2612 713 2657 collatio
731 2627 823 2656 non
841 2626 932 2657 uno
963 2610 1112 2657 modo
1136 2610 1212 2658 fit:
1244 2628 1345 2659 narn
1362 2628 1438 2659 aut
1461 2628 1601 2675 opera
1616 2611 1849 2662 confertur
1861 2628 1968 2660 eum

303 2675 403 2720 solo
420 2676 611 2737 pecuniae
628 2674 721 2729 usu,
743 2688 836 2734 quo
853 2671 954 2719 casu
971 2671 1065 2719 sors
1084 2672 1278 2720 domino
1293 2675 1423 2735 perit,
1436 2676 1484 2721 δί
1505 2675 1532 2721 fi
1551 2674 1667 2721 salva
1683 2675 1758 2732 est,
1770 2676 1965 2722 domino

75 2754 282 2795 Navarr.17.
306 2736 423 2783 salva
441 2737 499 2783 cst
517 2757 533 2794 3
561 2752 638 2782 aut
651 2752 792 2798 opera
806 2733 1160 2781 conferturcutn
1179 2735 1274 2797 ipso
1288 2736 1496 2783 dominio
1513 2739 1709 2800 pecuniae
1725 2775 1739 2794 ‚
1758 2754 1853 2801 quo
1866 2735 1967 2784 casu

73 2812 162 2830 'mm-
181 2810 261 2842 250·
309 2801 383 2859 qui
400 2815 585 2860 operam
601 2797 825 2861 impendit
843 2797 1067 2860 particeps
1083 2797 1131 2843 fit
1146 2796 1299 2844 sortis.
1331 2798 1382 2845 In
1397 2796 1546 2862 prima
1572 2798 1713 2861 specie
1724 2816 1968 2862 compara-

72 2848 197 2927 ἱῗζτζα
212 2859 220 2882 ¹
234 2859 271 2931 ’ζ
309 2875 381 2906 tur
397 2878 499 2908 cum
515 2877 652 2917 opera
670 2877 760 2906 non
780 2859 889 2914 sors,
907 2857 980 2904 sed
998 2859 1242 2921 periculum
1258 2860 1512 2908 amittendae
1526 2861 1658 2909 sortis
1674 2901 1685 2918 ‚
1718 2863 1767 2908 δέ
1790 2863 1967 2909 lucrum

76 2906 240 2979 Leff'xmp}
255 2953 284 2987 ι
309 2925 430 2984 quod
446 2924 743 2985 probabiliter
759 2939 816 2968 ex
831 2936 884 2967 ea
901 2921 927 2967 s
918 2923 1062 2984 petati
1081 2936 1276 2983 poterat.
1294 2923 1344 2969 In
1360 2923 1499 2970 altera
1512 2940 1660 2986 operae
1678 2927 1872 2985 pretium
1890 2925 1968 2970 ha⁴

78 2992 231 3030 21250d1‘-
251 3000 279 3034 3-
307 2987 437 3032 lie->nr
457 2986 574 3048 quasi
596 2987 703 3032 sorti
727 2985 778 3031 ad
787 2984 1023 3042 Jeeltuxm&
1040 2999 1122 3046 pro
1135 2999 1193 3029 eo
1211 2985 1337 3046 quod
1355 2985 1473 3033 valet
1489 2988 1532 3032 in
1550 2986 1641 3050 ipsa
1653 2986 1773 3033 sorte
1789 3001 1966 3051 partem

305 3050 442 3094 habt-t
463 3050 536 3110 qui
553 3064 744 3109 operam
767 3047 953 3109 praestat.
991 3045 1131 3109 Qod
1149 3045 1208 3092 de
1226 3063 1365 3108 opera
1383 3047 1593 3103 diximus,
1613 3050 1737 3096 idem
1760 3048 1882 3095 &dc
1901 3049 1968 3095 la-

305 3109 418 3155 bore
439 3127 488 3156 ac
507 3111 709 3173 periculo
730 3109 1048 3170 navigationis,
1068 3111 1115 3154 δέ
1130 3108 1339 3156 limilibus
1354 3111 1543 3175 intelligi
1562 3111 1717 3158 debet.
1729 3111 1792 3158 Vt
1811 3126 1966 3158 autem

305 3171 532 3217 sociorum
554 3174 711 3233 aliquis
729 3172 834 3217 lucri
855 3171 906 3216 sit
924 3171 1161 3233 particeps,
1180 3173 1389 3219 immunis
1403 3173 1636 3230 damni,est
1653 3172 1837 3234 quidem
1855 3188 1967 3234 ptae-

306 3247 376 3277 ter
395 3250 595 3280 naturam
629 3233 854 3280 locietatis
873 3248 883 3278 :
903 3232 1045 3294 potest
1065 3248 1213 3279 tamen
1245 3237 1305 3281 ita
1320 3237 1552 3283 conveniri
1567 3236 1654 3282 sine
1678 3237 1854 3293 injuria.
1886 3235 1965 3279 fiet

306 3297 425 3342 enim
443 3299 606 3345 mixtus
622 3296 877 3346 contrastus
895 3310 953 3342 ex
972 3293 1184 3343 societate
1213 3298 1260 3345 δε
1276 3314 1333 3347 ex
1351 3298 1586 3347 contra-stu
1602 3297 1743 3345 aversi
1757 3295 1959 3359 periculi,

1919 3371 1966 3403 m
