2380 3917
413 329 482 376 336
824 322 1672 363 nelvnsnnttt

415 396 579 444 caritas
594 393 692 453 ejus
705 393 779 455 qui
799 395 979 453 punitur
993 425 1004 441 ‚
1022 390 1097 436 nifi
1115 391 1311 454 plurium
1328 389 1487 449 justior
1501 393 1664 439 caritas
1679 391 1803 440 aliud
1818 393 2000 443 suadeat
2017 396 2084 445 ob

416 459 590 507 causam
609 452 903 502 extrinsecam
920 492 932 511 ‚
964 469 1060 516 quae
1077 451 1306 499 interdum
1324 452 1386 498 est
1400 454 1555 517 ingens
1641 455 1834 503 ticulum
1851 457 1907 504 ab
1923 473 1982 505 eo
2008 459 2086 520 qui

413 521 620 584 deliquit,
636 518 901 584 plerumque
917 531 1068 564 autem
1087 514 1321 563 necessitas
1339 515 1551 578 exempli.
1625 532 1649 563 a
1666 532 1818 564 autem
1836 519 1954 566 nasci
1972 519 2087 567 solet

415 601 474 632 ex
492 582 774 647 generalibus
801 580 1104 628 invitamentis
1123 578 1183 626 ad
1202 577 1482 643 peccandum
1496 595 1591 639 quae
1608 581 1797 639 reprimi
1813 582 1891 629 nifi
1907 581 2087 629 acribus

416 646 630 695 remediis
647 660 888 708 nequeunt.
922 642 1225 690 Invitamenta
1241 655 1395 688 autem
1413 643 1632 705 praecipua
1647 640 1745 689 sunt
1762 677 1774 693 ‚
1799 644 2085 692 consuetudo

417 713 467 758 &
483 708 692 755 facilitas.

481 770 530 818 X
547 771 596 817 X
614 769 662 816 X
681 769 734 817 V.
771 766 855 817 Ob
872 766 1141 815 facilitatem
1161 766 1234 813 lex
1248 767 1401 816 divina
1415 766 1619 814 Hebraeis
1635 768 1742 814 data
1758 773 1940 832 gravius
1953 770 2085 835 punit

418 833 594 881 furtum
613 838 637 865 *
659 833 718 880 de
731 830 898 895 pascuo
915 846 1051 894 quam
1065 830 1123 876 de
1139 829 1306 888 domo,
1326 831 1574 878 Exod.xx1
1587 845 1629 887 Ι,
1653 847 1675 878 1
1697 831 1745 876 &
1761 846 1809 894 9.
1825 831 2009 879 Iustinus
2023 832 2084 879 de

418 897 600 960 Scythis
618 913 629 944 :
662 901 824 942 Nullum
840 899 963 955 scelus
976 897 1081 953 apud
1095 914 1153 939 eos
1161 900 1276 956 furto
1286 903 1453 955 gravius
1473 932 1484 950 ,
1513 901 1645 957 quippe
1652 895 1736 954 stne
1762 901 1854 941 1εὲἵο
1870 901 2086 942 munimen-

417 978 526 1025 toque
536 976 669 1022 pecora
685 962 734 1013 εἴ
747 974 929 1003 armenta
946 959 1175 1002 habentibus
1195 992 1205 1006 ,
1237 961 1500 1019 quidsalvum
1512 961 1594 1017 effit
1603 958 1645 1017 fi
1649 962 1790 1018 furari
1816 961 1936 1003 liceret
1953 956 1974 1002 ?
2011 956 2086 1004 Si-

417 1023 526 1071 mile
560 1021 673 1069 illud
690 1022 736 1067 in
759 1017 1015 1066 Aristotelis
1046 1016 1345 1080 problematis
1375 1018 1568 1066 sestione
1598 1034 1725 1065 xx1x
1743 1035 1755 1067 :
1791 1018 2086 1074 bromium

417 1086 551 1133 ὶιιωαὲς
563 1085 667 1131 ’ὄντας
682 1076 929 1138 dynasta&-
946 1075 1040 1135 εἶκᾳ
1055 1079 1238 1134 <pizanum
1253 1083 1286 1125 “t“
1298 1081 1402 1137 νόμων
1417 1081 1538 1127 αόπῖς
1550 1080 1719 1128 'tr-ism*
1739 1087 1842 1142 Legis
1856 1087 1986 1128 auc‘t'or
1999 1099 2087 1127 cum

415 1156 522 1211 sciret
545 1154 577 1183 *
593 1154 662 1193 ilas
675 1156 715 1191 m
734 1150 817 1191 locis
834 1149 1002 1191 dominos
1015 1164 1072 1189 res
1076 1148 1169 1203 suas
1185 1149 1362 1203 custodire
1387 1164 1460 1191 non
1470 1149 1560 1207 poffi
1576 1148 1758 1204 custodem
1779 1150 1894 1204 legem
1909 1146 2086 1189 addidit.

421 1207 725 1260 Consuetudo
744 1205 849 1253 faeti
866 1206 944 1253 etfi
975 1205 1147 1268 aliquid
1163 1206 1360 1254 detrahit
1376 1205 1435 1253 de
1459 1207 1589 1270 culpa
1623 1207 1639 1267 (
1656 1228 1730 1254 non
1751 1209 1833 1269 fine
1848 1214 1998 1253 ratione
2013 1225 2086 1252 ve·-

419 1284 530 1324 m‘am
546 1275 654 1318 dedit
671 1310 683 1328 ,
709 1270 854 1333 inquit
873 1268 1042 1315 Plinius
1062 1307 1073 1324 ,
1099 1274 1198 1328 βιοῖο
1213 1277 1338 1317 vetito
1350 1274 1517 1333 quidem,
1535 1290 1608 1318 non
1624 1288 1753 1317 tamen
1769 1269 1962 1330 inusitato)
1984 1283 2083 1330 poe-

420 1355 485 1385 nae
502 1350 656 1382 tamen
674 1333 972 1380 acrimoniam
990 1347 1050 1378 ex
1065 1331 1210 1394 aliqua
1220 1347 1348 1395 parte
1365 1332 1557 1397 flagitat:
1576 1333 1792 1396 quoniam
1809 1343 1860 1377 ut
1877 1330 2086 1378 Saturni-

186 1412 214 1444 L
231 1404 396 1452 autsafia.
424 1415 505 1447 nus
523 1398 743 1459 loquitur,
756 1402 926 1442 nimium
942 1399 1076 1442 multis
1084 1398 1343 1456 grafflmtibus
1365 1410 1449 1458 opus
1466 1402 1625 1457 exemplo
1637 1400 1699 1456 est.
1735 1393 1828 1442 Sed
1845 1395 1889 1440 in
1903 1393 2086 1455 judiciis

188 1455 274 1491 Μὰ
286 1458 399 1504 poenis.
426 1463 571 1521 magis
584 1459 693 1507 illud
712 1497 722 1514 ‚
740 1459 785 1504 in
797 1457 970 1521 legibus
984 1458 1077 1503 hoc
1090 1456 1360 1520 sequendum
1378 1458 1439 1506 est
1452 1495 1464 1510 ‚
1501 1460 1679 1506 ratione
1695 1459 1849 1505 habita
1862 1458 2087 1518 temporis

457 1514 522 1572 uo‘
536 1525 659 1587 leges
671 1536 747 1568 aut
764 1521 929 1582 judicia
947 1518 1178 1569 feruntur:
1215 1521 1318 1584 quia
1334 1537 1471 1583 poenae
1486 1521 1657 1569 utilitas
1673 1522 1816 1587 magis
1844 1521 1892 1567 in
1907 1521 2087 1569 univer-

424 1544 601 1638 iialitate'
616 1585 834 1649 speetatur
849 1585 971 1631 circa
987 1599 1123 1647 quam
1140 1582 1235 1630 sunt
1250 1583 1373 1648 leges
1390 1600 1402 1632 ;
1417 1584 1547 1649 culpa
1558 1600 1710 1632 autem
1728 1584 1882 1645 major
1900 1599 1978 1631 aut
1997 1584 2087 1631 mi-

424 1667 511 1700 nor
528 1650 590 1696 est
605 1650 651 1694 in
669 1648 730 1695 fin
765 1647 857 1695 ulis.

492 1712 544 1760 X
563 1712 611 1758 X
627 1710 729 1758 XV
770 1747 778 1756 .
819 1710 963 1774 Qod
979 1723 1131 1756 autem
1149 1708 1348 1757 diximus
1380 1709 1456 1757 ubi
1483 1726 1651 1774 magnae
1666 1709 1961 1774 urgentesque
1979 1724 2088 1756 cau*

431 1778 481 1825 sae
498 1775 660 1823 cessant
682 1813 694 1831 ,
721 1773 777 1820 ad
795 1773 1087 1821 minuendam
1107 1775 1261 1834 potius
1277 1788 1453 1836 poenam
1472 1789 1682 1835 promtos
1698 1788 1780 1819 nos
1797 1773 1882 1819 esse
1898 1769 2085 1828 debere,

426 1843 474 1888 in
491 1855 550 1886 eo
567 1839 813 1886 clementiae
832 1853 934 1900 pars
945 1835 1085 1883 altera
1101 1837 1181 1883 lita
1198 1835 1278 1883 est.
1311 1834 1440 1883 Nam
1457 1838 1655 1899 priorem
1674 1838 1717 1882 in
1731 1835 1932 1882 tollenda
1955 1850 2088 1897 poena

195 1909 288 1944 lib-1
307 1908 347 1942 de
362 1908 412 1942 ct.
429 1902 772 1952 collocavimus.
808 1906 918 1964 Qia
935 1901 1081 1960 difficile
1093 1906 1144 1945 ef}
1158 1915 1508 1960 temperamentum,
1526 1900 1666 1962 inquit
1685 1897 1852 1945 Seneca
1866 1936 1877 1954 ‚
1894 1902 2086 1961 quidquid

194 1966 253 2001 ‘4'
274 1965 305 1991 ¹'
432 1987 528 2031 equo
553 1970 641 2028 plus
657 1970 843 2027 futurum
860 1969 913 2008 εέῖ
930 1970 971 2009 in
983 1978 1134 2024 partem
1149 1965 1412 2008 humaniorem
1426 1977 1495 2023 pra·
1521 1966 1687 2009 onderct.
1724 1960 1842 2008 Alibi
1863 1978 1873 2009 ζ
1891 1962 2091 2022 Poenamfi

194 2007 334 2051 cap.xx.
433 2047 519 2078 tuto
532 2034 670 2087 poterit
688 2030 817 2083 donet,
831 2027 888 2084 fin
903 2031 1030 2071 minus
1046 2040 1241 2086 temperet.
1274 2022 1331 2067 Et
1348 2023 1467 2085 apud
1485 1977 1750 2071 ssiodorum
1769 2022 1969 2071 Siculum
1988 2023 2086 2070 lau-

428 2093 566 2139 datur
583 2105 664 2136 rex
680 2089 920 2154 AEgyptius
938 2087 1065 2149 quod
1086 2088 1342 2147 imponeret
1362 2085 1546 2142 magiae
1560 2083 1712 2133 ὲλάθες
1724 2084 1755 2128 »12
1769 2087 1876 2136 ἀξίας
1905 2089 2089 2149 *suppli*

431 2163 491 2203 cia
505 2159 654 2201 meritis
671 2159 834 2199 minora.
870 2151 947 2198 De
962 2151 1037 2197 Μ.
1058 2149 1263 2196 Antonio
1285 2145 1593 2211 Capitolinus:
1621 2161 1715 2197 Erat
1732 2170 1810 2197 mos
1837 2154 1901 2210 rste
1915 2156 2090 2197 Antonio

434 2234 480 2264 ut
492 2222 622 2263 omnia
636 2221 800 2261 crimina
816 2220 963 2261 minore
973 2216 1162 2275 fitpplict'o,
1177 2229 1297 2274 quam
1312 2215 1449 2273 legibus
1461 2215 1743 2274 plebiisolerent,
1758 2220 1926 2273 puniret.
1958 2207 2088 2258 Isaeus

434 2294 616 2344 quoque
635 2293 794 2324 orator
808 2275 928 2323 dixit
947 2314 958 2331 ‚
987 2289 1210 2337 oportere
1226 2273 1348 2336 leges
1365 2274 1548 2335 quidem
1563 2274 1766 2322 constitui
1781 2276 1947 2340 rigidas
1962 2309 1973 2324 ‚
2011 2271 2089 2321 sed

431 2348 456 2374 *
477 2357 630 2402 poenas
644 2341 766 2404 exigi
784 2339 959 2406 legibus
977 2339 1198 2384 mitiores.
1233 2336 1293 2382 Et
1310 2335 1513 2384 Isocratis
1530 2338 1590 2385 est
1605 2340 1831 2385 monitum
1852 2356 1862 2387 :
1895 2338 1963 2384 πίς
1976 2355 2090 2393 apau-

435 2405 527 2459 ejox
544 2399 693 2449 ἐλοὶτῖες
712 2405 857 2463 meing
872 2403 943 2442 πὶῖν
955 2393 1252 2456 ἁμαρῖψνομίἷψίων
1270 2431 1282 2450 ,
1316 2415 1362 2445 ut
1376 2413 1485 2459 poenae
1512 2404 1842 2464 infliganturinfra
1853 2410 1991 2462 peccati
2003 2424 2090 2450 mo·-

430 2474 540 2515 dum.
578 2468 603 2493 *
635 2467 703 2512 Au
710 2465 906 2530 gustinus
936 2466 1154 2511 comitem
1189 2461 1505 2510 Marcellinum
1522 2463 1579 2510 fic
1607 2465 1825 2512 admonet
1841 2465 1903 2513 sui
1920 2464 2060 2513 officii
2075 2486 2088 2511 ε

440 2536 547 2577 Mihi
552 2533 771 2590 sollicitudo
785 2535 959 2573 maxima
969 2531 1107 2588 incuffiz
1121 2532 1174 2571 es‘?
1190 2562 1201 2577 ‚
1234 2545 1280 2572 ne
1286 2530 1393 2588 forte
1398 2530 1617 2586 sublimitas
1644 2545 1715 2574 tua
1729 2532 1869 2589 censeat
1899 2549 1955 2576 eos
1970 2544 2090 2576 tanta

439 2600 557 2655 legum
564 2596 776 2653 severitate
792 2596 855 2651 effe
864 2593 1089 2651 pleHendos‚
1107 2606 1153 2635 ut
1167 2592 1301 2651 qualia
1304 2592 1490 2648 fecerunt,
1513 2593 1612 2636 talia
1620 2597 1838 2652 patiantur,
1859 2594 2012 2654 ideoque
2027 2595 2090 2638 his

436 2661 554 2702 literis
569 2658 724 2713 obtestor
739 2656 851 2707 fidem
868 2671 1114 2715 tuam,quam
1131 2655 1247 2697 habes
1263 2656 1304 2695 in
1323 2652 1661 2714 Chr1st0,peripfius
1678 2659 1833 2700 Domini
1846 2658 1961 2713 nostri
1973 2658 2088 2713 mise-

438 2721 645 2766 ricordiam
662 2733 704 2761 ut
722 2719 791 2760 hoc
806 2735 880 2761 non
885 2719 1013 2777 facias
1032 2751 1043 2769 ‚
1076 2733 1139 2760 nec
1156 2720 1309 2760 omnino
1321 2714 1403 2765 fieri
1411 2721 1622 2775 permittas.
1659 2714 1804 2776 Cujus
1819 2717 1879 2763 est
1896 2719 1944 2763 δῖ
1961 2717 2052 2763 hoc
2070 2731 2084 2765 :

444 2789 500 2825 Sic
515 2785 631 2824 eiiam
658 2782 749 2838 ipsos
766 2784 971 2822 criminum
988 2780 1126 2822 ultores
1143 2812 1154 2827 ‚
1177 2791 1293 2837 atque
1310 2781 1351 2820 in
1369 2779 1436 2822 hoc
1451 2779 1564 2836 officio
1579 2798 1651 2825 non
1679 2785 1903 2842 impropria
1920 2788 2086 2827 concita-

442 2861 512 2894 tos,
524 2844 591 2899 sed
604 2844 723 2900 legum
744 2843 946 2897 ministros,
965 2858 1028 2883 nec
1034 2841 1200 2897 suarum
1207 2840 1278 2897 sed
1289 2840 1504 2885 alienarum
1522 2849 1832 2889 examinatarum
1849 2849 2086 2905 injuriarum

442 2906 627 2955 vindices,
646 2906 772 2963 quales
779 2905 930 2961 judices
947 2905 1008 2962 effe
1025 2903 1158 2947 debent
1173 2935 1184 2950 .
1203 2907 1341 2946 terruit
1358 2903 1496 2948 divina
1512 2910 1717 2961 censuram
1728 2913 1929 2964 cogitarent
1940 2921 2090 2967 propter

428 2973 506 3027 sua
517 2980 668 3025 peccata
686 2966 986 3022 misericordiam
1002 2969 1076 3007 Dei
1091 2966 1344 3022 necessariam,
1365 2982 1428 3009 nec
1448 2979 1629 3025 putarent
1649 2970 1702 3012 ad
1719 2973 1863 3030 culpam
1888 2972 1997 3027 officii
2019 2973 2091 3029 sui

432 3035 637 3090 pertinere,
649 3029 777 3088 fiquid
792 3044 879 3086 erga
890 3045 946 3070 eos
958 3027 1245 3085 misericorditer
1259 3042 1425 3087 agerent,
1443 3045 1605 3089 quorum
1618 3036 1706 3075 vita
1724 3035 1892 3094 nectffiue
1905 3034 2090 3079 haherent

438 3095 647 3151 legitimam
657 3091 890 3146 potestatem.

502 3150 672 3197 XXX
686 3148 726 3196 V
745 3149 763 3195 Ι
779 3150 815 3195 Ι.
852 3148 1094 3212 Speramus
1125 3149 1231 3196 nihil
1263 3154 1289 3198 a
1321 3150 1452 3198 nobis
1482 3152 1813 3214 praetermissum
1835 3191 1846 3209 ‚
1882 3151 2009 3214 quod
2029 3148 2090 3197 ad

436 3215 496 3259 hu
503 3231 570 3272 Jus
588 3213 843 3277 argumenti
862 3212 959 3258 satis
988 3211 1179 3259 difficilis
1195 3214 1244 3258 &
1279 3213 1453 3261 obscuri
1481 3218 1793 3282 cognitionem
1811 3228 2089 3279 magnopere

437 3276 568 3322 faciat
587 3293 597 3322 z
629 3293 731 3321 nam
751 3291 945 3335 quatuor
961 3275 1035 3320 illa
1053 3292 1147 3336 quae
1164 3279 1188 3304 *
1209 3277 1518 3324 Maimonides
1541 3281 1740 3324 maxime
1757 3279 1817 3324 ait
1846 3276 2029 3339 spestari
2046 3277 2091 3321 in

439 3341 580 3402 poenis
597 3376 608 3396 ‚
636 3338 996 3402 magnitudinem
1013 3340 1185 3401 peccati
1205 3378 1216 3398 ‚
1246 3340 1294 3387 id
1318 3339 1378 3389 est
1397 3339 1548 3388 damni
1567 3378 1579 3399 ‚
1615 3339 1915 3403 frequentiam
1933 3338 2088 3383 talium

1931 3415 2086 3462 pecca-
