2380 3917
985 350 1409 396 INDEX.

409 445 477 476 tus
492 432 557 475 est.
573 429 707 485 potius
722 425 1040 480 interpretandae.

358 489 561 535 Conditio
581 520 591 535 ,
623 486 646 526 li
665 498 724 524 res
741 495 926 524 maneant
952 481 1098 522 eodem
1114 480 1177 519 lo-

414 542 659 595 co,quando
675 540 798 579 tacite
815 539 917 579 iniit.
1055 591 1064 596 .
1099 536 1176 595 ,²83

364 599 662 643 conditionem
676 593 891 635 deferentis
916 607 966 634 an
981 604 1183 646 accipien-

417 656 470 695 tis
486 656 605 694 verba
621 652 707 705 plus
723 651 892 691 valeant.
1058 702 1066 707 ⁸

368 710 629 763 Conjecturae
697 706 748 749 ad
816 705 1185 759 interpretationes.

1101 438 1173 473 579
1196 430 1200 455 ¹
1229 423 1481 469 Contraecus
1514 424 1685 478 Regum
1712 425 1848 466 secum
1889 422 2060 468 ferentes

1285 477 1579 539 alienationem
1594 479 1930 540 pecuniae-populi
1944 512 1956 529 ,
1994 494 2060 521 re-

1287 548 1375 589 gni,
1391 548 1517 588 partis
1531 546 1661 589 regni,
1682 545 1923 588 patrimonii
1940 548 2063 591 tega-

1290 590 1355 638 lis,
1376 604 1426 630 an
1443 590 1614 630 valeant.
1980 600 2063 633 260

1102 652 1179 694 285
1240 647 1492 690 contradus
1509 643 1639 701 Regis
1661 676 1674 697 ,
1711 657 1761 687 an
1776 639 1979 688 astionem
1995 658 2066 699 pa·

1296 703 1413 743 riant.
1982 716 2005 742 2
2015 714 2063 752 57

1109 765 1157 800 28
1168 771 1182 798 1
1242 757 1490 801 Contraetus
1502 756 1632 813 Regis
1642 755 1813 799 subditis
1833 755 1899 810 jus
1911 769 2067 811 cogen-

369 818 627 869 Coniee‘lurae
642 816 917 858 extendentes.
1105 817 1183 856 281

370 875 628 927 Coujee‘tura:
646 871 947 931 restringentes.
1131 926 1139 931 .

372 929 673 981 conjectorum
688 929 805 969 locus
821 930 870 969 ad
888 935 1194 982 interpretatio-

426 999 532 1026 nem.

376 1040 648 1089 Coniugium.
666 1039 758 1081 vide
773 1037 1108 1081 Matrimonium.

1298 813 1339 856 di
1358 827 1438 856 non
1455 815 1565 856 dant.
1967 811 2065 854 ibid.

1112 875 1160 911 28
1170 879 1189 918 3
1249 868 1499 912 Contraetus
1527 869 1695 925 Regum
1721 880 1772 911 au
1800 867 1912 924 leges
1927 863 2063 911 diceti-

1302 926 1375 967 dae.
1983 927 2060 971 258

1109 996 1192 1034 277
1249 981 1497 1025 Contractus
1520 981 1565 1023 &
1593 979 1704 1035 leges
1717 972 1875 1022 misceri
1890 979 2060 1034 possunt.

1982 1049 2055 1083 259

376 1087 604 1140 consensus
630 1094 739 1137 solus
767 1095 926 1137 inducit
971 1092 1196 1150 obligatio·
1252 1092 1504 1137 Coun-aelus
1531 1090 1732 1146 perfeCkns
1756 1091 1834 1133 fine
1857 1087 2066 1144 scriptura.

433 1166 539 1192 nem.
1121 1162 1197 1199 172

375 1206 605 1248 consensus
632 1204 773 1258 populi
800 1204 851 1249 in.
872 1206 989 1247 rebus
1022 1204 1200 1246 modicis

427 1262 537 1316 sequi
555 1261 713 1301 facilius
731 1259 997 1314 praesumitnr.
1103 1259 1199 1301 ibid.

379 1317 562 1360 Consilia
583 1318 625 1357 ὃς
642 1328 851 1375 ,ρτκεερῑε
874 1316 1081 1359 interdum
1097 1315 1202 1358 indi-

436 1373 577 1414 stiuc‘te
594 1373 832 1412 efferuntur.
1148 1381 1196 1423 33

381 1427 570 1471 Consilia
584 1425 803 1480 sapientum
815 1437 1014 1481 quantum
1027 1426 1200 1469 valeant.

1124 1495 1204 1535 394

386 1537 623 1582 Confiliarii
653 1538 819 1591 Regum
848 1539 1068 1592 quomodo
1095 1538 1205 1580 obli-

443 1606 589 1649 gentur
604 1608 652 1634 ex
667 1595 774 1634 bello
788 1593 950 1648 injusto.
1127 1609 1204 1642 510

390 1649 559 1692 comita
575 1663 621 1689 an
639 1648 724 1689 solo
739 1648 895 1690 cedant.
1126 1664 1203 1692 202.

391 1704 637 1747 Constantiae
654 1705 839 1746 debitum
853 1705 982 1758 quale.
1128 1719 1202 1747 221

393 1759 836 1814 Constantinopolitani
864 1761 1022 1802 nullum
1059 1758 1126 1812 jus
1156 1761 1205 1803 ad

444 1815 675 1871 eligendum
716 1816 1015 1869 Imperatorem
1058 1815 1209 1858 habue-

447 1883 553 1911 runt,
568 1872 675 1925 quod
689 1884 771 1913 non
786 1871 1025 1926 dependeret
1042 1872 1064 1912 ὲ
1078 1885 1210 1927 popu-

450 1927 493 1967 lo
511 1927 723 1968 Romano.
1130 1943 1208 1975 209

395 1980 661 2025 Constituens
700 1995 783 2024 non
822 1980 975 2037 semper
1028 1982 1210 2038 superior

452 2038 686 2079 constituto.
1161 2050 1211 2089 56

402 2091 672 2136 Consuetudo
686 2093 900 2149 quomodo
913 2093 1206 2137 introducatur

1136 2165 1152 2192 1
1187 2166 1211 2199 9

399 2200 668 2248 Consuetudo
697 2203 986 2258 prossconsensu
1015 2166 1211 2260 popuii3in

445 2258 539 2310 jure
573 2260 925 2303 concedendarum
965 2262 1209 2315 iurisdietio—

451 2327 563 2356 nuin.
1139 2333 1212 2370 172

399 2367 667 2413 Consuetudo
709 2369 859 2412 horum
898 2382 1134 2426 temporum
1163 2376 1214 2417 de

454 2426 675 2468 mobilibus
690 2426 799 2467 bello
815 2427 958 2481 captiS.
1139 2442 1214 2479 504

402 2474 668 2523 Consuetudo
683 2481 878 2526 hodierna
894 2484 945 2526 de
972 2483 1215 2538 recipiendis

458 2536 619 2578 deditis.
1137 2557 1213 2590 522.

405 2590 659 2634 Consumens
686 2605 878 2635 nummos
895 2593 1066 2638 furtivos
1080 2596 1128 2638 ad
1155 2613 1216 2640 re·

460 2646 708 2689 stitutionem
724 2660 896 2690 tenetur.
1135 2669 1210 2704 215

408 2700 625 2762 Consorttia
640 2704 861 2757 impiorum
878 2704 1006 2748 vitare
1023 2740 1037 2759 ,
1066 2708 1218 2763 sapiens

464 2770 681 2798 monitum.
1137 2772 1213 2809 268

407 2811 459 2853 ad
490 2812 824 2857 Contrahendnm
853 2828 975 2858 nemo
997 2831 1112 2861 metu
1139 2821 1219 2861 im-

463 2867 678 2918 pellendus.
1138 2891 1211 2929 231

410 2920 658 2964 Contractus
672 2924 781 2978 quid.
1138 2947 1219 2983 230

412 2975 711 3020 commertium
726 2981 883 3022 divisio.
1138 3002 1217 3033 229

410 3030 658 3128 Cczlngaems
684 3034 924 3081 innominati
940 3039 1010 3094 qui
1023 3075 1034 3091 ‚
1052 3041 1097 3083 ὃ(
1114 3043 1219 3083 unde

409 3100 635 3185 Corltralktu
654 3145 791 3198 populi
809 3145 912 3189 faeto
927 3163 1021 3191 cum
1047 3111 1218 3193 libeas?

461 3194 516 3236 set
546 3225 558 3244 ,
602 3200 692 3241 Rex
723 3201 852 3252 postea
880 3202 1007 3248 faetus
1041 3218 1213 3248 tenetur.

409 3303 654 3351 Commetus
667 3324 832 3364 vergens
846 3312 894 3356 ad
909 3315 1125 3370 perniciem
1138 3273 1217 3371 ἷξε

461 3360 608 3406 blicam
618 3378 666 3406 an
681 3364 852 3421 obliget.
1136 3383 1220 3416 260

1988 1150 2063 1195 285

1255 1203 1504 1248 Contrafius
1512 1204 1680 1258 Regum
1694 1203 1739 1245 δε
1755 1201 2004 1257 populorum
2019 1211 2067 1242 an

1308 1259 1598 1314 interpretandi
1641 1274 1691 1301 ex
1727 1272 1820 1315 jure
1857 1259 2073 1355 Roman}-

1975 1329 1989 1354 ι
2015 1330 2027 1354 t
2057 1341 2067 1354 D

1258 1371 1504 1415 contractui
1516 1370 1736 1414 extrinseca
1751 1384 1834 1413 nou
1862 1369 1949 1412 sunt
1968 1367 2071 1411 indi-

1314 1428 1455 1469 canda.
1995 1436 2066 1476 231

1260 1480 1301 1523 in
1319 1482 1615 1525 Contraetibus
1641 1481 1789 1523 vitium
1812 1480 1870 1522 rei
1895 1479 2074 1522 indican-

1315 1538 1431 1588 dnm,
1450 1540 1494 1580 δε
1510 1551 1652 1591 quate.
1816 1552 1911 1590 230,
1934 1538 1977 1578 &
1997 1549 2067 1588 231

1261 1593 1310 1635 de
1325 1593 1620 1636 Contraetibus
1644 1593 1756 1650 leges
1782 1593 2075 1637 Romanorum

1316 1651 1359 1690 &
1378 1650 1666 1692 Hebraeorum.
1999 1660 2073 1700 232

1263 1704 1557 1748 Contractibus
1583 1703 1811 1746 invasorum
1841 1704 1918 1746 five
1943 1714 2080 1758 tyran-

1314 1775 1460 1802 norum
1476 1760 1615 1815 populi
1632 1774 1714 1801 non
1729 1772 1930 1801 tenentur.
1998 1768 2075 1802 261

1263 1817 1564 1860 Contrac‘tuum
1579 1827 1721 1857 natura
1737 1815 1923 1870 repudiat
1949 1815 2082 1857 ambi-

1318 1885 1419 1928 guas
1432 1871 1676 1913 locutiones.
1997 1883 2076 1924 431

1266 1927 1532 1971 Contumelia
1558 1942 1643 1981 quo
1657 1925 1766 1970 sensu
1781 1928 1831 1971 ab
1846 1925 1993 1981 injuria
2020 1926 2083 1969 di-

1318 1983 1562 2039 stinguatur.
2026 1982 2081 2024 28

1266 2039 1505 2081 Conventio
1520 2039 1570 2080 de
1585 2038 1860 2092 redemptione
1875 2052 1925 2082 an
1939 2037 2083 2081 rescin-

1321 2095 1363 2137 di
1379 2092 1493 2149 possit
1509 2096 1565 2136 ob
1581 2095 1794 2136 laesionem.
2005 2110 2019 2144 5
2028 2108 2083 2144 97

1267 2150 1602 2194 conventionum
1618 2149 1762 2193 divisio
1777 2151 1819 2193 in
1834 2149 2085 2205 publicas‚&

1323 2219 1511 2261 privatas.
2003 2216 2084 2259 263

1269 2263 1610 2307 Conventionnm
1639 2262 1898 2318 publicarum
1928 2262 2088 2305 divifio.

1991 2317 2088 2360 ibid.

1269 2373 1592 2472 Ccipventiones.
1622 2374 1713 2418 vide
1730 2374 1977 2418 Contrae'tus
1992 2406 2004 2425 ,
2035 2370 2088 2424 (θ’

1358 2431 1491 2473 edera.

1270 2486 1500 2530 Convictus
1514 2498 1607 2531 cum
1622 2484 1760 2537 impiis
1775 2487 1820 2528 δι
1832 2483 2092 2528 contumaci-

1323 2543 1398 2584 bus
1411 2556 1608 2597 quatenus
1622 2543 1666 2585 fit
1681 2542 1867 2585 illicitus.
2008 2547 2086 2583 268

1324 2599 1457 2652 qualis
1469 2598 1748 2654 prohibeatur.
2007 2608 2089 2644 269

1273 2653 1495 2696 Cornelius
1526 2654 1668 2697 mansit
1695 2654 1903 2697 Centurio
1921 2653 2006 2708 post
2021 2655 2091 2695 ba-

1326 2709 1536 2762 ptismum.
2033 2725 2054 2750 2
2066 2723 2085 2759 5

1246 2780 1249 2797 ³
1274 2765 1468 2808 Cornelia
1498 2767 1567 2808 lex
1593 2779 1667 2827 pro
1698 2764 1914 2806 heredibus
1927 2777 2093 2816 eornm,

1326 2822 1397 2874 qui
1413 2821 1663 2875 postliminio
1680 2820 1896 2862 redierunt.
2015 2834 2089 2868 502.

1276 2875 1442 2928 Corpus
1470 2878 1519 2919 ad
1550 2876 1785 2918 servitutem
1812 2873 1990 2931 obligari
2018 2889 2092 2929 po-

1328 2932 1415 2974 test.
2007 2943 2088 2981 272

1276 2985 1443 3040 Corpus
1471 2987 1651 3029 naturale
1679 2985 1788 3030 idem
1814 2985 2012 3041 quamdiu
2024 2985 2088 3028 di·

1329 3055 1460 3084 catur.
2008 3050 2092 3084 206

1277 3095 1442 3150 Corpus
1471 3113 1521 3140 ex
1553 3107 1660 3139 terra
1674 3106 1814 3139 ortum
1841 3107 1957 3139 terrae
1971 3097 2092 3140 debe-

1330 3163 1408 3193 tur.
2009 3167 2062 3204 30

1277 3206 1443 3260 Corpus
1470 3207 1697 3251 humanum
1719 3206 1852 3251 bestiis
1866 3207 1952 3251 dari
1973 3166 2093 3250 mise5-

1328 3264 1517 3306 randum.
2009 3273 2091 3316 306

1278 3315 1469 3370 Corpora
1497 3318 1713 3360 bominum
1755 3318 1902 3363 debent
1929 3318 2091 3361 dissolvi

1331 3385 1443 3416 extra
1457 3373 1561 3417 cons
1553 3376 1733 3429 pectum.
1997 3373 2092 3415 ibid.

1927 3429 2093 3477 CorcY·
