2527 3938
757 331 786 370 Ρ
837 333 868 370 R
918 331 956 370 O
1006 333 1036 368 1.
1086 333 1113 369 E
1163 335 1199 371 G
1241 335 1276 371 O
1323 337 1361 372 M
1409 336 1436 372 E
1484 338 1520 374 N
1569 340 1610 375 A„

641 397 726 454 ὅμῧ
733 392 824 449 ssa‘ba
839 414 879 439 π
892 397 957 452 3(ρᾷ
972 393 1081 440 &lando
1098 401 1364 461 ακυαςμὸσας.

644 458 672 486 *
692 459 1051 518 Vimjufiqueparilbs
1065 463 1233 518 copulans
1247 461 1366 505 vincli
1372 462 1475 520 juga·

372 513 703 579 Nequetamen
718 517 926 580 quamvis
952 520 979 564 a
1000 518 1041 564 vi
1060 518 1316 566 destitutum
1334 522 1402 582 jus
1419 522 1544 568 omni
1561 536 1684 570 caret
1715 522 1884 571 effectu.
1913 541 2017 573 nam

372 578 536 638 justitia
550 576 832 626 securitatem
849 577 976 626 affert
992 580 1283 639 conscientiae,
1298 584 1507 643 injustitia
1521 600 1748 632 tormenta
1768 603 1818 633 ac
1835 586 2021 636 laniatus

373 641 527 705 quales
542 641 588 688 in
603 655 900 704 tyrannorum
914 642 1170 704 peitoribus
1182 644 1393 693 describit
1412 645 1570 695 Plato:
1592 647 1799 707 justitian}
1836 647 2019 710 probat,

373 703 633 764 injustitiam
649 704 830 752 damnat
845 703 1095 768 proborum
1113 705 1376 755 consensus:
1395 708 1520 770 quod
1540 712 1649 756 Vero
1680 714 1926 756 maximum
1942 710 2017 761 est.

373 766 469 814 haec
479 766 631 815 Deum
648 767 894 818 inimicum,
908 767 982 815 iila
995 767 1222 816 faventem
1236 770 1372 817 habet
1386 808 1399 826 ,
1430 773 1506 832 qui
1535 771 1697 830 judicia
1729 772 1800 820 sua
1833 775 1893 820 ita
1926 773 2024 834 post

373 827 494 876 hanc
507 829 649 876 vitam
662 828 871 886 reservat,
884 844 933 877 ut
951 829 1059 892 saepe
1073 845 1232 878 eorum
1246 834 1341 879 vim
1359 834 1492 884 etiam
1508 834 1549 878 in
1562 833 1643 880 hac
1670 836 1760 881 vita
1792 835 2024 898 rcpraesen-

373 904 445 939 tet
460 909 479 950 3
519 889 615 938 uod
631 890 782 939 multis
792 891 1009 963 exemplis
1026 891 1214 941 historiae
1230 893 1412 941 docent.
1425 895 1567 960 Qod
1585 910 1695 943 vero
1726 898 1853 943 multi
1924 913 2027 943 uam

378 956 408 1003 ὲ
423 954 510 1001 civi
546 969 601 1001 us
613 954 797 1018 exigunt
809 952 1034 1013 justitiam,
1054 971 1157 1002 eam
1169 956 1210 1002 in
1222 958 1395 1019 populo
1408 972 1483 1003 aut
1501 959 1654 1022 populi
1673 958 1845 1005 re&ore
1857 963 1868 1005 i
1874 914 1944 1006 ῃῖὶυ
1949 974 2029 1021 per

377 1015 589 1066 habeant,
611 1018 708 1077 ejus
719 1017 884 1063 erroris
896 1015 1022 1064 causa
1033 1016 1108 1074 est,
1120 1019 1317 1080 primum
1342 1076 1346 1079 ι
1359 1019 1454 1065 uod
1473 1020 1516 1066 in
1529 1021 1627 1079 jure
1642 1020 1747 1066 nihil
1759 1019 1951 1084 speftant
1965 1021 2032 1079 ni-

377 1077 413 1126 fi
428 1078 671 1126 utilitatem
684 1094 777 1141 quae
790 1092 847 1124 ex
862 1079 960 1137 jure
974 1080 1132 1135 oritur,
1152 1096 1243 1142 quae
1259 1081 1330 1126 evi
1365 1096 1441 1126 ens
1457 1081 1516 1127 est
1531 1084 1574 1128 in
1591 1081 1763 1129 civibus
1797 1085 1868 1145 qui
1881 1083 2034 1147 finguli

377 1139 440 1189 ad
451 1137 515 1189 sui
529 1140 721 1188 tutelam
737 1139 919 1189 invalidi
933 1140 1098 1203 suntqat
1114 1157 1187 1189 tna
1203 1201 1210 1202 ἶ
1224 1159 1284 1198 nae
1299 1144 1501 1191 civitates
1516 1158 1618 1189 cum
1633 1146 1783 1191 omnia
1798 1150 1841 1191 in
1854 1145 2035 1194 secom-

416 1201 518 1250 letti
541 1202 780 1250 videantur
792 1218 886 1265 quae
901 1202 960 1251 ad
974 1205 1113 1253 vitam
1131 1219 1178 1251 re
1225 1208 1251 1251 e
1268 1204 1480 1252 tuendam
1516 1204 1613 1252 sunt
1641 1206 1873 1265 necessaria
1892 1244 1902 1258 ‚
1919 1224 1950 1254 o
1984 1223 2034 1253 us

370 1220 551 1319 ¹babere
567 1281 659 1312 non
675 1263 887 1312 videntur
902 1281 955 1313 ea
974 1267 1141 1314 virtute
1174 1279 1266 1331 qu'ae
1277 1266 1405 1315 foras
1419 1266 1581 1331 spectat
1607 1267 1654 1314 &
1671 1268 1831 1328 justitia
1843 1285 1952 1332 appe
1971 1269 2034 1315 la-

381 1341 476 1378 tur.
527 1326 620 1376 Sed
650 1341 700 1374 ut
727 1343 784 1374 ne
811 1343 1013 1392 repetam
1049 1327 1175 1392 quod
1208 1329 1303 1376 dixi
1323 1367 1334 1385 ,
1351 1330 1421 1390 jus
1436 1345 1528 1376 non
1544 1329 1677 1377 solius
1694 1331 1890 1382 utilitatis
1906 1329 2033 1378 causa

379 1404 698 1456 comparatum
716 1427 729 1446 ,
747 1390 865 1438 nulla
883 1389 943 1438 est
954 1404 1049 1440 tam
1068 1390 1212 1439 valida
1244 1393 1401 1439 civitas
1427 1408 1519 1454 quae
1550 1407 1641 1438 non
1671 1392 1915 1454 aliquando
1928 1394 2037 1439 alio-

382 1452 488 1503 riun
509 1465 639 1500 extra
657 1451 701 1499 se
717 1467 806 1517 ope
824 1453 1027 1518 indigere
1042 1452 1177 1517 poffit
1195 1493 1206 1512 ,
1222 1454 1296 1502 vel
1311 1454 1368 1501 ad
1384 1454 1659 1501 commercia
1677 1492 1688 1511 ,
1720 1457 1792 1501 vel
1822 1456 1959 1502 etiam
1976 1453 2035 1502 ad

380 1515 598 1566 arcendas
621 1513 862 1563 multarum
881 1528 1182 1564 'externarum
1215 1518 1413 1582 gentium
1439 1514 1604 1577 junsta's
1616 1516 1660 1562 in
1677 1515 1719 1563 se
1736 1519 1885 1575 vires;
1916 1516 2036 1564 unde

381 1578 520 1628 etiam
536 1581 563 1626 a
575 1576 891 1640 potentiffimis
907 1578 1083 1642 populis
1101 1580 1150 1626 δε
1166 1578 1343 1644 regibus
1359 1577 1516 1625 federa
1532 1579 1678 1643 appeti
1696 1579 2036 1639 videmus,quo-

382 1657 486 1693 rum
501 1642 572 1689 vis
585 1639 733 1687 omnis
747 1640 924 1688 tollitur
932 1640 989 1688 ab
1007 1641 1074 1688 his
1088 1642 1164 1704 qui
1175 1643 1246 1703 jus
1261 1643 1375 1688 intra
1387 1642 1580 1688 civitatis
1610 1641 1716 1687 fines
1746 1640 2035 1688 concludunt.

383 1703 676 1755 Verissimum
688 1701 796 1749 illud
815 1741 827 1758 ,
847 1704 1003 1751 omnia
1030 1705 1200 1766 incerta
1217 1703 1302 1752 effe
1334 1703 1458 1751 fimul
1488 1707 1514 1750 a
1541 1705 1640 1764 jure
1655 1703 1862 1750 recessum
1879 1702 1955 1750 est.
1986 1702 2034 1748 Si

386 1766 508 1817 nulla
519 1766 581 1813 est
600 1767 901 1813 communitas
951 1782 1015 1813 uae
1031 1765 1120 1813 fine
1129 1767 1226 1826 jure
1243 1764 1492 1813 conservati
1510 1764 1657 1826 postit,
1676 1770 1698 1794 *
1715 1765 1839 1828 quod
1854 1780 2035 1812 meino«

385 1829 518 1888 rabili
533 1829 760 1876 latronum
771 1843 936 1891 exemp
955 1844 986 1875 o
1002 1827 1223 1892 probabat
1237 1827 1510 1883 Aristoteles,
1527 1842 1646 1875 certe
1679 1829 1726 1874 δε
1753 1828 1828 1874 illa
1845 1844 1938 1890 quae
1955 1843 2036 1891 ge-

386 1908 471 1942 nus
486 1892 733 1951 humanum
749 1905 826 1938 aut
842 1891 1037 1955 populos
1047 1891 1299 1955 complures
1313 1891 1428 1937 inter
1440 1890 1483 1936 se
1491 1890 1678 1953 colligat
1691 1925 1700 1939 ‚
1713 1890 1811 1949 jure
1827 1888 2002 1952 indiget
2014 1904 2030 1936 ε

388 1954 520 2019 quod
535 1953 610 2002 ille
624 1951 738 2002 vidit
761 1954 838 2016 qui
849 1952 965 2000 dixit
981 1951 1106 2000 foeda
1119 1969 1174 2000 ne
1191 1954 1340 2018 patriae
1353 1950 1535 2015 quidem
1564 1951 1696 1998 causa
1722 1951 1928 1998 facienda
1939 1949 2040 1997 effe.

387 2018 416 2048 *
451 2017 665 2067 Graviter
679 2030 760 2063 eos
779 2014 953 2062 accusat
967 2015 1241 2073 Aristoteles,
1262 2016 1455 2078 quicum
1472 2015 1590 2061 inter
1606 2011 1649 2060 se
1666 2016 1884 2060 neminem
1902 2013 2041 2059 velint

391 2083 620 2145 imperare
634 2076 714 2126 nisi
733 2079 809 2140 qui
823 2079 893 2138 jus
910 2077 1090 2129 habeat,
1103 2080 1147 2125 in
1162 2088 1345 2126 exteros
1359 2076 1465 2141 quid
1475 2075 1671 2138 jus‚quid
1685 2077 1889 2136 injustum
1906 2074 1957 2122 fit
1974 2075 2042 2120 ni-

388 2143 456 2194 hil
480 2152 649 2191 curant.
682 2139 728 2187 Is
752 2138 842 2203 ipse
875 2156 1012 2206 quem
1036 2142 1365 2190 nominavimus
1394 2137 1541 2186 modo
1573 2139 1616 2184 in
1647 2153 1819 2199 partem
1852 2136 2043 2185 alteram

391 2204 657 2268 Potnpejus‚
679 2201 804 2268 quod
821 2200 1064 2267 Spartanus
1094 2203 1274 2266 quidam
1294 2216 1373 2248 rex
1392 2200 1566 2247 dixerat
1592 2236 1603 2256 ‚
1629 2198 1924 2248 beatifflmam
1955 2196 2043 2244 effe

390 2267 718 2332 rempublicam
735 2266 862 2323 cujus
873 2265 980 2312 fines
996 2264 1118 2312 hasta
1134 2266 1183 2312 &
1198 2264 1354 2330 gladio
1364 2264 1723 2317 terminarentur,
1739 2262 1954 2316 correxit,
1971 2259 2041 2306 di·

386 2345 498 2392 cens
510 2345 614 2377 eam
630 2343 737 2377 vere
753 2329 932 2375 beatam
964 2325 1050 2374 effe
1064 2342 1159 2389 quae
1175 2327 1381 2387 justitiam
1392 2341 1476 2388 pro
1494 2323 1648 2371 finibus
1662 2323 1873 2372 haberet:
1905 2337 2041 2390 quam

392 2392 454 2442 ad
471 2407 568 2439 rem
579 2391 760 2439 alterius
778 2389 938 2437 itidem
954 2387 1160 2461 Spartani
1174 2391 1290 2452 regis
1315 2389 1378 2434 uti
1409 2387 1560 2451 potuit
1598 2385 1858 2433 auctoritate
1874 2421 1883 2434 .
1902 2388 1928 2416 *
1964 2399 2038 2447 qm

393 2453 580 2504 militari
600 2451 858 2500 fortitudini
876 2451 1084 2512 justinam
1101 2449 1355 2515 anteposuit
1368 2488 1380 2508 ‚
1399 2450 1486 2495 hoc
1503 2463 1767 2512 argumento
1796 2446 1923 2511 quod
1941 2445 2040 2492 for·-

389 2514 546 2567 rtitudo
559 2515 716 2576 justitia
726 2513 921 2577 quadam
951 2516 1049 2579 regi
1066 2513 1252 2563 deberet
1271 2528 1281 2559 :
1322 2526 1365 2558 at
1380 2511 1411 2558 fi
1431 2510 1526 2567 justi
1555 2509 1691 2558 effent
1718 2511 1921 2556 homines
1937 2523 2041 2554 om-

395 2594 490 2635 nes,
504 2576 773 2625 fortitudine
781 2575 856 2623 illa
866 2590 959 2623 non
973 2575 1240 2641 indigerent.
1255 2573 1399 2637 Ipsam
1411 2572 1723 2620 fortitudinem
1758 2571 1899 2619 Stoici
1930 2569 2037 2639 defi·

392 2640 577 2691 niebant
593 2642 808 2688 virtutem
823 2641 1182 2703 propugnantem
1199 2653 1282 2701 pro
1295 2638 1514 2699 aequitate.
1549 2633 1823 2681 Themistius
1836 2646 2042 2679 oratione

398 2704 461 2753 ad
475 2702 712 2752 Valentem
726 2700 919 2748 facunde
934 2699 1099 2748 differit
1116 2738 1127 2758 ,
1148 2716 1276 2765 reges
1288 2698 1437 2760 quales
1455 2699 1598 2759 exigit
1627 2696 1842 2760 sapientiae
1870 2695 2038 2756 regula,

396 2781 494 2815 non
503 2765 628 2813 unius
645 2760 722 2812 fibi
731 2763 910 2811 creditae
923 2764 1067 2827 gentis
1082 2761 1246 2810 habere
1262 2762 1495 2815 rationem,
1510 2759 1581 2806 sed
1602 2761 1743 2806 totius
1769 2758 1949 2804 humaui
1961 2771 2043 2820 gc-

399 2829 519 2880 neris
551 2864 564 2884 ,
600 2828 649 2873 &
666 2824 752 2872 ess'e
769 2864 780 2882 ,
812 2839 862 2873 ut
901 2823 992 2887 ipse
1020 2825 1243 2886 loquitur,
1279 2826 1368 2870 non
1400 2817 1694 2877 φιλομεικίδὶνως
1725 2834 1898 2868 tantum
1918 2857 1928 2873 ‚
1965 2831 2041 2864 aut

400 2888 671 2946 φιλορῥωμιύες
691 2927 703 2946 ‚
737 2888 765 2917 *
796 2887 874 2936 sed
890 2886 1169 2943 φιλωοῖρώπες.
1200 2891 1226 2918 *
1262 2886 1438 2935 Minois
1461 2882 1644 2931 invisum
1690 2882 1808 2938 apud
1841 2880 2043 2941 posteros

400 2969 568 3004 nomen
583 2968 673 3001 non
688 2950 808 2999 aliud
825 2950 935 2998 fecit
947 2967 1078 3013 quarn
1098 2949 1223 3014 quod
1233 2949 1485 3010 aequitatem
1506 2945 1677 3009 imperii
1701 2945 1760 2990 sui
1780 2943 1935 2989 finibus
1951 2956 2043 2987 ter-

402 3017 616 3064 minaret.
630 3014 834 3062 Tantum
847 3029 960 3061 vero
975 3012 1093 3060 abest
1120 3026 1169 3060 ut
1187 3008 1514 3059 admittendum
1542 3009 1593 3056 {it
1609 3007 1734 3070 quod
1799 3005 1944 3051 uidam
1965 3002 2043 3071 fin*

403 3093 533 3146 gunt,
551 3079 597 3124 in
616 3076 736 3124 bello
748 3078 900 3123 omnia
916 3077 1013 3135 jura
1029 3074 1192 3122 ceffare
1207 3113 1219 3131 ‚
1237 3087 1287 3119 ut
1303 3087 1382 3118 nec
1400 3069 1551 3134 suscipi
1565 3095 1568 3097 ·
1582 3069 1747 3116 bellum
1805 3067 1932 3114 ebeat
1966 3062 2043 3133 nii}

405 3140 588 3199 adjutis
605 3139 966 3186 consecutionem
986 3176 997 3193 ,
1028 3153 1107 3184 nec
1121 3138 1366 3197 susceptum
1392 3136 1490 3193 geri
1506 3132 1579 3183 nifi
1612 3134 1725 3178 intra
1740 3132 1849 3190 juris
1867 3143 1918 3174 ac
1935 3125 2042 3170 fidei

404 3202 617 3250 modum.
645 3201 765 3249 Bene
794 3200 1123 3255 Demosthenes
1153 3199 1321 3247 bellum
1353 3195 1437 3243 effe
1465 3197 1508 3241 in
1537 3210 1616 3241 eos
1637 3192 1752 3239 dixit
1777 3187 2045 3258 quijudiciis
2068 3199 2071 3201 ·

404 3266 606 3313 coerceri
628 3276 866 3326 nequeunt.
915 3262 1085 3310 Iudicia
1116 3263 1233 3308 enim
1267 3262 1421 3320 vigent
1455 3254 1663 3303 adversus
1691 3268 1772 3299 eos
1806 3253 1880 3315 qui
1916 3264 2040 3296 inva-

406 3327 593 3378 lidiores
609 3326 654 3375 se
665 3325 850 3374 sentiunt
867 3340 880 3374 t
898 3325 943 3372 in
959 3340 1040 3373 eos
1069 3324 1148 3387 qui
1177 3311 1375 3387 pares‘se
1405 3319 1574 3369 faciunt
1599 3332 1675 3365 aut
1707 3330 1899 3422 putantf
1927 3311 2044 3357 bella

1892 3390 2052 3421 uniun-
