2475 3854
709 253 1632 300 Acpacls,r.11311.
1938 265 2007 306 413

349 316 403 366 sae
417 316 579 380 justitia
598 317 813 381 judicium
832 315 1112 377 permiserint
1135 333 1146 364 ε
1170 318 1228 364 Et
1242 316 1440 365 Romani
1457 320 1621 367 Graecis
1639 319 1696 365 de
1713 318 1833 367 bello
1848 320 1891 366 in
1907 319 2009 368 Na·
2023 337 2205 380 Livimlib.

347 380 523 427 bidem.
541 380 683 429 Nunc
698 379 811 426 illud
827 378 1050 426 addamus
1064 416 1076 434 ,
1091 396 1145 426 ne
1161 394 1266 427 tunc
1284 379 1466 442 quidem
1485 384 1623 428 teneri
1657 381 1826 429 socium
1846 383 1872 428 fi
1889 384 2006 431 nulla
2027 393 2157 423 xxxxv.

347 442 443 506 spes
462 443 515 489 fit
532 443 644 490 boni
662 444 826 489 exitus.
858 442 973 489 Boni
989 442 1107 487 enim
1120 458 1210 488 nou
1228 443 1333 489 mali
1353 443 1481 490 caula
1497 444 1688 491 societas
1705 445 2003 492 contrahitur.

346 504 679 553 Defendendus
695 517 847 550 autem
879 504 1023 551 socius
1048 503 1109 551 est
1137 507 1273 551 etiam
1303 521 1464 552 contra
1495 506 1630 553 alium
1648 507 1806 553 itidem
1821 507 2003 554 federa-

345 582 460 624 tum,
478 569 552 615 uisi
567 568 709 632 priori
724 564 882 613 federe
897 566 1066 628 aliquid
1084 565 1311 629 specialius
1327 571 1599 615 convenerit.
1620 569 1692 615 Sic
1713 569 1998 631 Corcyraeos,

344 631 375 677 fi
390 630 519 677 causa
531 646 689 676 eorum
716 629 828 689 justa
844 644 939 676 erat
956 667 968 685 ,
1003 628 1291 677 Athenienses
1309 629 1554 677 defendere
1585 646 1828 694 potuerunt
1862 634 1998 680 etiam

340 707 500 740 contra
515 691 788 739 Corinthios
806 690 953 739 socios
966 692 1249 739 vetustiores.

408 754 465 802 V.
500 754 525 783 *
543 755 705 803 Tertia
718 754 844 802 causa
859 755 935 811 est,
953 756 1203 801 amicorum
1217 754 1375 817 quibus
1388 756 1599 802 auxilium
1616 758 1874 819 promissum
1892 759 1991 820 qui·-
2015 755 2089 791 ¹²¹5?-
2101 757 2143 792 ‘²⁶²
2154 761 2227 798 lvd·

341 817 448 865 dem
466 834 558 865 non
574 819 635 866 est
653 855 664 870 ,
680 817 754 864 sed
767 832 917 865 tamen
937 818 1139 864 amicitiae
1155 817 1351 879 quadam
1370 819 1544 864 ratione
1569 819 1761 866 debetur
1780 858 1791 876 ‚
1811 820 1842 867 fi
1859 819 1989 867 facile
2006 810 2203 886 ss'ff'tn‘JZ’

341 883 392 927 &
406 880 494 927 fine
520 879 822 929 incommodo
838 878 1042 927 exhiberi
1073 879 1226 943 pollit.
1258 878 1330 926 Sic
1349 896 1435 942 pro
1465 880 1620 928 Lotho
1650 897 1848 945 cognato
1866 899 1990 930 arma
2010 865 2172 943 qffifari.
2186 877 2222 937 i.

340 943 492 992 fiinifit
512 944 788 991 Abrahamus
806 942 1082 989 :Antiatibus
1101 957 1402 1006 praeceperunt
1433 942 1630 990 Romani
1648 960 1703 990 ue
1730 947 1772 990 in
1790 947 1988 1003 Graecos,

343 1021 505 1070 utpote
520 1007 738 1054 Italorum
766 1021 989 1069 cognatos
1012 1045 1022 1061 ,
1043 1007 1278 1066 piraticam
1296 1019 1572 1052 exercerent.
1602 1006 1746 1052 Iidem
1776 1008 1881 1069 saepe
1897 1024 1990 1054 non

338 1086 426 1133 pro
443 1069 571 1117 sociis
587 1084 761 1117 tantum
779 1070 938 1130 quibus
955 1084 1011 1113 ex
1032 1068 1189 1114 federe
1200 1069 1247 1114 id
1262 1067 1530 1124 debebatur,
1546 1067 1620 1114 sed
1632 1084 1716 1130 pto
1727 1070 1879 1116 amicis
1895 1069 1992 1117 bel-

336 1135 382 1180 la
394 1132 695 1194 susceperunt,
711 1146 785 1178 aut
802 1130 1015 1194 suscipere
1028 1133 1184 1177 minati
1201 1131 1313 1178 sunt.

403 1195 444 1244 V
459 1195 495 1243 Ι.
531 1195 762 1244 Postrema
779 1193 1076 1254 latissimeque
1092 1208 1246 1256 patens
1263 1193 1322 1239 est
1334 1194 1569 1240 hominum
1597 1195 1712 1240 inter
1743 1193 1785 1240 se
1808 1195 1990 1254 conjun-
2010 1198 2189 1244 Cic-defin..

336 1258 429 1306 &io
449 1296 460 1315 ,
473 1274 568 1320 quae
587 1260 657 1305 vel
675 1255 768 1303 sola
783 1257 840 1303 ad
858 1271 997 1319 opem
1013 1254 1249 1302 ferendam
1267 1256 1436 1303 sufficit.
1457 1268 1573 1303 Homo
1589 1265 1630 1301 in
1645 1262 1884 1317 adjutorium
1901 1277 1987 1305 mu-
2014 1252 2052 1279 ¹¹
2068 1255 2099 1287 ¹³
2112 1248 2151 1279 de
2161 1248 2216 1295 ⁰ff·

335 1335 450 1368 tuum
465 1338 669 1384 generatus
688 1323 751 1378 est,
788 1322 808 1356 ss
830 1320 892 1366 ait
911 1317 1096 1365 Seneca.
1115 1318 1326 1374 Eiusdem
1342 1318 1432 1367 est:
1460 1317 1485 1368 †
1518 1325 1664 1381 Sapiens
1691 1325 1834 1383 quoties
1847 1326 1988 1381 poterit
2010 1296 2208 1377 {libi-liiiio

324 1389 491 1448 fortuna
504 1387 726 1431 intercedet.
760 1381 997 1445 Euripides
1011 1383 1059 1428 iu
1076 1377 1358 1444 supplicibus
1377 1397 1390 1429 :
1998 1387 2223 1433 just-&jum

785 1450 954 1493 Praebent
962 1447 1057 1505 saxa
1068 1449 1387 1509 perfiags'mnfhriae
2005 1431 2026 1464 ³
2037 1436 2077 1468 ‘1⁶
2090 1438 2145 1467 Ira
2155 1438 2220 1474 ¹·1·

589 1517 750 1572 Araeque
759 1513 934 1569 famulis.
950 1508 1239 1568 urbibuspreffis
1253 1511 1354 1555 malo
2002 1491 2083 1561 {⁶5}
2092 1492 2188 1567 c7lem

587 1582 781 1617 Tutamen
794 1575 922 1617 urbes.
2007 1581 2024 1608 1
2034 1583 2063 1609 1.
2081 1583 2113 1615 ς.

2007 1623 2062 1654 De
2078 1622 2136 1666 Off.
2158 1630 2197 1658 Ι.

332 1634 596 1689 Ambrofio,
605 1636 802 1695 fortitudo
813 1653 888 1696 qua
907 1634 1077 1692 defendit
1090 1631 1260 1687 infh‘mos
1268 1634 1382 1693 plena
1390 1636 1541 1693 justitia
1555 1635 1618 1691 est.
1646 1635 1751 1695 Qa
1780 1632 1839 1679 de
1854 1647 1902 1679 re
1916 1630 1985 1678 su·
2003 1668 2061 1705 ab·
2072 1682 2101 1705 c.
2116 1677 2151 1714 ς.

329 1713 412 1763 pra
428 1711 610 1760 quoque
624 1697 816 1759 egimus.

393 1761 436 1809 V
455 1761 476 1808 Ι
487 1760 524 1807 Ι.
561 1761 788 1822 Qaeritur
801 1756 890 1813 hic,
907 1773 960 1803 an
972 1769 1179 1803 teneatur
1196 1758 1334 1804 etiam
1349 1757 1492 1805 homo
1511 1759 1743 1805 hominem
1764 1798 1775 1817 ,
1790 1756 1981 1821 populus

327 1825 548 1889 populum
577 1823 634 1870 ab
649 1823 810 1884 injuria
827 1818 1087 1866 defendere.
1124 1821 1147 1847 *
1186 1817 1316 1866 Plato
1334 1820 1602 1884 puniendum
1620 1819 1766 1868 censet
1795 1822 1870 1882 qui
1887 1820 1980 1865 vim
2001 1831 2216 1879 DelegibJV.

329 1887 456 1933 alteri
473 1885 646 1932 illatam
671 1900 767 1931 non
796 1896 950 1931 arcet:
980 1881 1106 1942 quod
1134 1881 1182 1925 δε
1204 1883 1523 1945 AEgyptiorum
1537 1884 1708 1946 legibus
1726 1882 1982 1930 cavebatur.

329 1949 421 1996 Sed
435 1950 631 2014 primum
644 1947 673 1993 fi
690 1945 971 1993 manifestum
990 1946 1041 1991 lit
1055 1945 1317 2007 periculum,
1339 1961 1429 1992 non
1442 1948 1582 1992 teneri
1598 1960 1772 1992 certum
1786 1945 1861 1991 est.
1898 1959 1984 2007 po·
2003 1946 2101 1984 Diod.
2111 1947 2135 1984 l·
2151 1955 2184 1983 1-

328 2012 412 2060 test
429 2013 548 2057 enim
565 2012 684 2059 suam
703 2011 845 2057 vitam
863 2011 911 2054 δε
928 2024 998 2055 res
1013 2008 1163 2054 alienis
1179 2008 1400 2071 praeferre.
1432 2010 1583 2071 Atque
1613 2009 1674 2054 ita
1690 2009 1983 2069 interpretan-

328 2075 440 2122 dum
456 2074 617 2120 censeo
631 2072 739 2118 illud
757 2071 927 2119 Tullii:
962 2078 1046 2133 Qi
1067 2091 1141 2119 non
1158 2074 1330 2133 defendit
1345 2105 1353 2119 ‚
1383 2091 1448 2118 nec
1472 2073 1607 2131 obfistit
1629 2071 1667 2131 fi
1688 2077 1803 2132 potes?
1818 2074 1978 2129 injuria,
2050 2074 2053 2076 ’

327 2155 414 2185 tam
430 2142 480 2196 cst
492 2143 533 2182 in
544 2143 643 2183 vitio
658 2153 774 2197 quam
783 2136 821 2194 si
826 2149 1013 2195 parentes,
1028 2150 1099 2179 aut
1102 2139 1292 2194 patriam,
1317 2150 1389 2178 aut
1396 2138 1510 2193 socios
1525 2137 1695 2193 deserat.-
1734 2146 1785 2177 ut
1796 2136 1915 2192 potes}
1926 2129 1980 2174 il-

326 2200 409 2247 lud
425 2199 740 2263 intelligamuS,
758 2212 862 2243 cum
879 2194 958 2242 suo
976 2194 1233 2241 commodo
1252 2210 1263 2241 ε
1300 2211 1408 2242 nam
1426 2195 1611 2242 &idem
1628 2194 1733 2241 alibi
1745 2192 1854 2238 dicit
1869 2230 1880 2247 ‚
1908 2211 1982 2238 non

329 2266 482 2323 defendi
496 2265 664 2308 homines
670 2262 750 2321 fine
765 2264 1045 2321 vituperatione
1051 2261 1207 2320 fhrtasfe
1226 2261 1391 2318 possunt.
1419 2257 1551 2319 Apud
1590 2254 1841 2302 Sallustium
1858 2253 1917 2299 est
1931 2253 1980 2298 in

327 2324 523 2374 historiis
541 2340 552 2371 2
588 2343 711 2369 omnes
727 2328 794 2385 qui
796 2323 972 2381 secundis
984 2323 1094 2366 rebus
1106 2323 1186 2379 fitia·
1201 2323 1256 2365 ad
1269 2323 1352 2364 belli
1355 2325 1573 2380 societatem
1605 2334 1766 2366 orantur
1782 2351 1793 2366 ,
1817 2317 1979 2374 confide-

327 2408 417 2438 rare
428 2391 580 2437 debent,
595 2390 748 2431 liceatne
763 2400 848 2429 tum
859 2398 990 2444 pacem
1004 2402 1128 2443 agere.
1158 2385 1247 2429 dein
1278 2386 1382 2445 quod
1394 2388 1572 2445 quaritur
1590 2384 1732 2442 satisne
1755 2384 1864 2440 pium
1880 2413 1891 2428 ,
1911 2392 1980 2422 tu-

328 2468 415 2498 tum
426 2489 438 2506 ,
450 2453 652 2510 gloriosum
667 2467 720 2493 an
736 2448 951 2492 indecorum
970 2445 1036 2503 fit.
1067 2448 1091 2475 *
1128 2443 1306 2490 Senecae
1342 2459 1523 2507 quoque
1536 2446 1627 2490 hoc
1659 2457 1749 2488 non
1772 2439 1977 2500 spernen-

329 2513 464 2561 dum:
503 2521 726 2558 Succurram
734 2514 904 2570 perituro
925 2543 936 2562 ,
950 2508 1024 2566 fid
1033 2524 1079 2552 ut
1091 2511 1160 2569 ipſse
1186 2527 1260 2553 non
1284 2522 1447 2567 peream,
1485 2508 1555 2569 nifi
1557 2508 1596 2567 si
1601 2510 1761 2568 futurus
1777 2522 1836 2547 ero
1848 2504 1978 2560 magni

326 2580 487 2623 hominis
502 2590 574 2619 aut
587 2589 726 2633 magna
741 2575 796 2616 rei
819 2587 970 2617 merces.
1011 2565 1112 2615 Sed
1135 2585 1191 2615 ne
1222 2582 1328 2615 tunc
1360 2569 1543 2630 quidem
1575 2564 1797 2613 tenebitur
1814 2601 1825 2619 ‚
1845 2563 1874 2608 fi
1889 2578 1975 2624 op-
1996 2563 2130 2612 teptlih.
2149 2573 2205 2602 ¹¹·

326 2637 494 2700 pressus
522 2634 601 2682 nisi
628 2646 781 2678 morte
802 2629 1017 2677 invasoris
1051 2635 1163 2694 eripi
1195 2648 1282 2678 non
1295 2631 1448 2695 potest.
1485 2629 1611 2677 Nam
1626 2627 1654 2673 fi
1673 2626 1891 2674 invasoris
1909 2627 1978 2670 vi-
1997 2622 2025 2648 ⁰‘
2037 2612 2212 2657 4·‘³“⁶·¹5·

327 2716 425 2748 tarn
450 2699 527 2761 qui
555 2695 783 2745 invaditur
824 2691 903 2740 suae
921 2693 1067 2755 potest
1084 2693 1305 2755 praeferre,
1326 2709 1375 2741 ut
1394 2693 1496 2740 alibi
1511 2692 1727 2744 diximuS‚
1771 2703 1862 2733 non
1874 2702 1979 2746 pec-

327 2763 452 2810 cabit
469 2762 544 2822 qui
560 2758 759 2807 invasum
775 2755 821 2803 id
836 2771 913 2803 aut
930 2755 1032 2802 cred
1041 2772 1100 2811 et,
1121 2771 1196 2802 aut
1216 2761 1340 2801 volet
1359 2755 1492 2801 malle
1510 2770 1521 2801 :
1546 2751 1782 2816 praesertim
1800 2765 1902 2796 cum
1920 2764 1979 2794 ex

327 2839 459 2888 parte
474 2821 693 2871 invasoris
713 2820 860 2879 majus
893 2817 945 2865 sit
973 2819 1219 2881 periculum
1253 2818 1403 2864 damni
1433 2812 1728 2878 irreparabilis
1756 2813 1805 2858 &
1824 2810 1981 2873 sempi-

326 2900 456 2935 term.

391 2948 435 2997 V
452 2947 474 2994 I
489 2945 511 2991 I
526 2947 563 2995 Ι.
594 2945 668 2991 Est
681 2946 729 2991 &
745 2943 856 2991 illud
873 2940 1213 2990 controversum
1234 2979 1245 2997 ‚
1267 2959 1321 2988 an
1332 2941 1440 3000 justa
1454 2941 1505 2988 fit
1521 2940 1626 2988 belli
1638 2936 1761 2985 caula
1777 2950 1861 2997 pro
1878 2931 1979 3001 sub-

327 3011 437 3059 ditis
453 3009 618 3064 alienis,
638 3022 687 3053 ut
702 3006 758 3052 ab
776 3009 838 3053 eis
856 3019 1060 3053 arceatur
1088 3005 1348 3065 imperantis
1362 3005 1535 3062 injuria.
1557 3002 1672 3048 Sane
1690 3016 1745 3045 ex
1764 3012 1854 3059 quo
1871 3009 1981 3063 civr-

327 3075 393 3121 les
406 3073 640 3120 societates
656 3069 854 3116 institutae
871 3067 968 3114 sunt
990 3103 999 3116 ‚
1017 3081 1190 3112 certum
1210 3067 1270 3111 est
1287 3065 1530 3112 reetoribus
1559 3061 1770 3124 cujusque
1797 3055 1981 3122 speciale

327 3134 564 3201 quoddam
578 3134 621 3179 in
639 3129 740 3178 fisos
753 3133 824 3191 jus
842 3130 1085 3190 quaefitum.
1100 3128 1336 3186 Euripides
1351 3127 1623 3176 Heraclidis.

775 3190 912 3233 δῖκοωοι
926 3192 1089 3245 duhest*
1103 3190 1261 3234 οέκένπς
1274 3188 1380 3231 πόλιν

595 3254 693 3305 dv&
708 3254 802 3298 καθ’
816 3254 916 3301 ἀυἾὲς
930 3254 1073 3308 κυρίοις
1087 3253 1204 3307 zelir&
1218 3249 1341 3299 δῖκσις.
1898 3303 1943 3342 N

1940 3315 1972 3342 05
