2527 3938
849 315 1714 371 rnorueomrnfl,

459 398 582 432 mam
599 381 640 430 ei
663 382 894 454 imponere
906 384 1039 452 multi
1058 401 1161 433 ante
1180 389 1258 436 hac
1271 388 1539 442 destinarunt
1558 413 1570 445 :
1588 399 1778 460 persecu
1794 418 1947 452 nemo:
1960 421 2101 469 neque

458 460 572 495 vero
585 445 681 516 lieri
697 446 856 516 potest,
874 446 1106 509 nisi,quod
1124 466 1213 496 non
1233 451 1330 500 stitis
1350 469 1550 504 curatum
1564 461 1623 506 est
1642 462 1920 520 hastenusssa
1939 484 2031 530 quae
2042 487 2099 517 ex

457 507 702 557 constituto
736 523 919 555 veniunt
945 512 972 554 a
1000 512 1268 560 naturalibus
1305 515 1421 562 rcere
1449 518 1713 582 separentur.
1745 543 1849 574 nam
1867 533 2078 578 naturalia

456 581 564 618 cum
579 570 756 634 semper
770 572 947 641 ‚eadem
966 572 1044 642 sint
1063 611 1074 630 ,
1112 573 1241 622 facile
1258 578 1428 638 poss'unt
1443 581 1486 626 in
1502 580 1642 632 artem
1661 588 1834 637 collioi3
1856 591 1930 636 illa
1945 568 2094 639 aare&

457 649 555 697 quae
571 649 628 682 ex
643 634 885 705 constituto
902 649 1107 692 veniunt,
1128 651 1229 684 cum
1249 641 1535 691 &mutentur
1556 645 1661 709 saepc
1677 686 1688 704 ‚
1707 652 1754 696 δε
1767 632 1874 698 {fibi
1892 652 1976 700 3153
1994 655 2074 701 fint

456 709 588 743 extra
615 711 755 744 artem
773 702 916 759 polita
931 697 1028 743 sunt
1051 735 1062 754 ,
1091 713 1141 746 ut
1172 698 1262 753 aliae
1287 718 1435 751 rerum
1466 706 1743 778 fingularium
1773 693 2091 777 perceptionesss

458 759 602 822 Qod
618 759 648 806 fi
665 762 740 821 qui
754 776 867 807 verae
885 761 1053 819 justitiae
1083 760 1335 811 sacerdotes
1349 768 1558 816 naturalis
1574 771 1623 816 &
1646 788 1863 836 perpetua·
1887 779 2088 839 jurispru-

456 822 615 869 dentiae
629 836 774 885 partes
788 823 1039 870 tractandas
1055 821 1156 871 susci
1192 840 1314 872 erent
1329 864 1341 882 ,
1361 827 1541 877 semotis
1556 832 1608 877 iis
1621 850 1712 896 qua:
1728 852 1783 881 ex
1793 838 2018 886 voluntate
2036 842 2090 887 li.

455 884 567 932 bera
583 899 737 931 ortum
756 885 933 942 habent,
952 886 1061 933 alius
1078 841 1263 949 quigem
1281 886 1340 934 de
1354 887 1524 955 legibus
1537 927 1548 941 ‚
1565 894 1673 943 alius
1690 896 1747 943 de
1759 899 1933 947 tributis
1948 939 1959 956 ,
1975 903 2086 949 alius

455 948 519 996 de
532 946 730 1008 judicum
749 948 918 998 officio,
936 949 1044 995 alius
1057 949 1114 995 de
1127 949 1410 998 voluntatum
1428 954 1679 1014 conjestura
1694 996 1706 1013 ‚
1736 960 1842 1007 alms
1866 961 1922 1007 de
1939 962 2085 1010 faQO-

457 1026 558 1058 rum
576 1009 783 1059 facienda
798 1010 886 1056 fide
902 1047 913 1066 ‚
947 1009 1087 1073 poffet
1103 1010 1267 1059 deinde
1280 1028 1338 1060 ex
1354 1015 1560 1063 omnibus
1568 1020 1762 1079 partibus
1773 1023 1965 1071 collectis
1976 1041 2081 1072 cor·

455 1089 540 1138 pus
569 1073 746 1121 confici.
778 1073 884 1120 Nos
915 1087 1039 1120 certe
1056 1090 1188 1135 quam
1206 1076 1324 1122 viam
1354 1076 1592 1125 ineundam
1609 1080 1879 1132 censeremus
1899 1124 1908 1139 ,
1945 1087 2081 1151 reipsa

454 1137 758 1199 potius,quam
778 1135 925 1184 verbis
937 1134 1209 1184 ostendimus
1223 1138 1265 1183 in
1281 1137 1371 1185 hoc
1387 1143 1668 1203 opere‚quod
1685 1159 1854 1206 partem
1870 1149 1949 1207 juri
1960 1148 2078 1211 spru..

451 1197 615 1247 dentiae
640 1199 776 1263 longe
802 1197 1116 1246 nobilissimam
1145 1200 1361 1261 continet.
1392 1200 1547 1248 Primo
1574 1206 1692 1251 enim
1710 1204 1825 1253 libro
1840 1209 2004 1270 praefati
2020 1211 2078 1257 de

448 1262 562 1325 juris
574 1261 751 1323 origine
766 1299 780 1318 ,
805 1261 1055 1325 generalem
1073 1263 1420 1312 examinavimus
1440 1265 1721 1326 quaestionem
1750 1307 1761 1324 ,
1796 1268 1901 1315 fitne
1913 1270 2077 1318 bellum

451 1322 642 1387 aliquod
656 1323 846 1385 justum:
877 1324 1039 1371 deinde
1055 1324 1114 1371 acl
1129 1323 1345 1372 noscenda
1401 1325 1530 1373 ublici
1548 1329 1796 1391 privatique
1813 1330 1914 1378 belli
1929 1332 2003 1379 dis
2000 1335 2072 1379 cri-

451 1388 572 1435 mina
597 1385 907 1450 explicandam
938 1385 1173 1436 habuimus
1194 1388 1287 1434 vim
1307 1341 1443 1450 ipsiim
1472 1388 1630 1436 summi
1660 1392 1832 1454 imperii
1851 1433 1862 1450 ‚
1889 1395 1963 1455 qui
1978 1411 2076 1442 earn

448 1449 617 1514 populi,
638 1450 715 1511 qui
731 1464 859 1514 reges
875 1448 1156 1512 solidam,qui
1171 1465 1228 1496 ex
1241 1465 1383 1511 parte,
1399 1453 1592 1512 quicum
1612 1453 1829 1500 alienandi
1846 1457 1940 1513 jure
1959 1495 1970 1510 ‚
2000 1459 2074 1517 qui

449 1521 579 1560 auter
589 1511 780 1569 habeant
797 1527 808 1556 :
834 1510 1001 1557 deinde
1016 1513 1064 1558 δε
1081 1513 1140 1558 de
1155 1509 1434 1559 subditorum
1450 1514 1494 1559 in
1506 1514 1748 1576 superiores
1761 1514 1916 1564 officio
1931 1517 2074 1564 dicen-

449 1574 561 1622 dum
577 1572 675 1621 fuit.
717 1572 852 1621 Liber
863 1572 1090 1629 secundus,
1110 1589 1211 1621 cum
1223 1591 1378 1621 omncs
1390 1574 1550 1633 causas,
1568 1592 1623 1623 ex
1639 1578 1797 1639 quibus
1807 1577 1973 1626 bellum
1987 1582 2076 1626 ori⁴

449 1638 489 1685 ri
500 1636 659 1701 potest,
677 1636 965 1699 exponendas
980 1635 1292 1700 sumserit‚quae
1307 1652 1376 1683 res
1386 1653 1648 1685 communes
1665 1639 1856 1700 fint,quae
1872 1643 2073 1704 propfiae,

449 1698 579 1763 quod
605 1700 674 1759 jus
691 1698 890 1759 personis
907 1702 952 1745 in
967 1699 1173 1760 personas
1192 1736 1203 1755 ‚
1222 1714 1315 1760 quae
1329 1714 1386 1746 cx
1401 1700 1606 1747 dominio
1625 1700 1822 1747 nascatur
1837 1703 2070 1767 obligatiO,

446 1777 543 1825 quae
555 1759 870 1809 successionum
889 1763 1107 1825 regiarum
1123 1776 1299 1810 norma,
1336 1762 1461 1823 quod
1483 1765 1549 1823 jus
1564 1763 1773 1810 veniatex
1791 1760 1921 1827 pasto
1947 1803 1959 1821 ‚
1995 1780 2070 1812 aut

446 1823 697 1880 contrabiu,
715 1840 809 1886 quae
826 1822 1051 1880 federum,
1072 1840 1166 1886 quae
1179 1824 1465 1883 jurisjurandi
1482 1840 1576 1872 tum
1625 1825 1753 1872 rivati
1771 1864 1783 1881 ,
1799 1841 1893 1872 tum
1910 1827 2071 1885 publici

445 1887 516 1934 vis
530 1901 662 1949 atque
677 1887 991 1948 interpretatio
1009 1924 1020 1942 ,
1037 1885 1146 1948 quid
1159 1900 1218 1931 ex
1231 1884 1398 1932 damno
1415 1887 1526 1934 dato
1543 1887 1600 1932 de
1635 1902 1758 1933 eatur
1769 1925 1780 1943 ,
1795 1904 1888 1948 quae
1900 1888 2072 1952 legato-

446 1964 550 1998 rum
567 1948 856 1996 sanffimonia
874 1985 886 2005 ,
913 1948 1045 2012 quale
1057 1950 1124 2009 jus
1153 1947 1365 1994 humandi
1381 1964 1589 1995 mortuos
1611 1986 1622 2004 ,
1653 1965 1743 2010 quae
1760 1965 1985 2010 poenarum
2000 1967 2070 1997 na-

444 2025 562 2069 tura,
580 2010 668 2059 late
682 2009 948 2076 exsequitur.
980 2008 1165 2057 Tertius
1197 2007 1313 2056 liber
1336 2011 1530 2072 primum
1555 2009 1789 2070 subjectam
1819 2013 1895 2058 fibi
1912 2010 2071 2059 habens

446 2073 699 2124 materiam,
716 2073 765 2120 id
781 2072 909 2136 quod
925 2074 967 2119 in
981 2073 1104 2120 bello
1121 2072 1226 2119 iicet
1239 2109 1251 2129 ‚
1270 2088 1371 2118 cum
1390 2072 1436 2118 id
1451 2073 1575 2134 quod
1592 2074 1768 2135 impune
1784 2074 1832 2121 fit
1845 2090 1919 2120 aut
1935 2076 2070 2120 etiam

447 2132 570 2206 apud
593 2150 654 2199 po
687 2134 787 2184 ulos
817 2150 1000 2183 exteros
1023 2150 1108 2198 pro
1131 2135 1231 2193 jure
1247 2133 1505 2181 defenditur
1531 2134 1586 2181 ab
1601 2150 1657 2179 eo
1685 2136 1807 2196 quod
1824 2138 1934 2183 vitio
1950 2151 2070 2182 caret

447 2151 708 2248 distinxisset
724 2232 735 2249 .
770 2196 1001 2247 descendit
1016 2196 1077 2243 ad
1093 2196 1213 2258 pacis
1237 2210 1399 2305 {encra
1414 2234 1425 2252 ‚
1451 2198 1499 2242 δέ
1515 2212 1671 2244 omnes
1683 2195 1861 2245 bellicas
1876 2213 2073 2244 conven-

447 2261 610 2308 tiones.
643 2259 715 2307 ΕΟ
728 2273 878 2308 autem
896 2261 1040 2320 majus
1056 2256 1193 2306 visum
1209 2275 1232 2304 e
1286 2259 1477 2320 pretium
1493 2274 1636 2321 operae
1653 2296 1664 2313 ‚
1696 2259 1814 2321 quod
1834 2277 1879 2306 ut
1895 2260 1986 2306 dixi
2004 2274 2074 2306 to-

452 2334 552 2369 turn
571 2321 662 2369 hoc
673 2335 991 2385 argumentum
1008 2322 1213 2368 trastavit
1230 2336 1380 2375 nemo,
1399 2322 1444 2365 δε
1460 2323 1531 2382 qui
1544 2322 1782 2368 trastarunt
1802 2338 1947 2383 partes
1963 2359 1973 2374 ,
2009 2322 2072 2366 ita

446 2383 686 2430 tractarunt
700 2421 712 2440 ‚
730 2398 779 2431 ut
791 2385 982 2430 multum
999 2383 1256 2444 reliquerint
1273 2382 1417 2429 alienae
1434 2381 1655 2429 industriae.
1692 2381 1906 2429 Veterum
1924 2383 2075 2429 Philo-

446 2442 690 2507 sophorum
711 2446 967 2493 nihilexstat
980 2445 1106 2505 hujus
1120 2445 1294 2507 generis
1311 2480 1324 2500 ,
1350 2458 1490 2505 neque
1507 2445 1769 2490 Graecorum
1788 2482 1800 2501 ‚
1835 2461 1947 2507 quos
1960 2447 2072 2490 inter

447 2505 704 2553 Aristoteles
720 2506 882 2554 librum
897 2506 1068 2554 fecerat
1085 2544 1096 2560 ,
1115 2508 1184 2553 cui
1201 2520 1363 2552 nomen
1380 2504 1611 2560 ὣκωιώμωῗέι
1628 2505 1793 2559 πολέμων
1812 2538 1824 2553 ,
1843 2522 1982 2568 neque
2000 2522 2076 2552 eo-

447 2583 550 2615 rum
598 2570 642 2614 ui
659 2567 998 2616 Christianisino
1019 2570 1182 2615 recenti
1197 2582 1360 2613 nornen
1377 2567 1596 2613 dederunt
1611 2605 1620 2618 ‚
1638 2568 1760 2630 quod
1771 2569 1898 2615 valde
1915 2584 2076 2631 optan-

447 2629 560 2677 dum
599 2645 748 2679 uerat:
774 2632 910 2677 etiam
929 2629 1241 2676 Romanorum
1261 2645 1461 2676 veterum
1477 2630 1578 2675 libri
1596 2631 1759 2687 dejure
1777 2630 1920 2676 feciali
1939 2668 1948 2684 ,
1966 2630 2072 2674 nihil

448 2692 510 2740 ad
525 2707 608 2738 nos
622 2691 697 2748 sui,
713 2707 868 2754 praeter
883 2707 1049 2739 nomen
1065 2689 1477 2738 transmiserunt.Hi
1494 2693 1567 2752 qui
1581 2689 1768 2738 summas
1785 2692 1990 2738 fecerunt
2000 2707 2076 2737 ca-

447 2755 592 2810 suum,
642 2770 726 2801 uos
742 2753 1193 2801 vocant-conscientiae
1215 2791 1225 2809 ‚
1246 2769 1294 2800 ut
1308 2754 1368 2798 tle
1379 2753 1472 2799 aliis
1486 2752 1615 2799 rebu:
1632 2790 1642 2804 ,
1656 2755 1716 2800 ira
1734 2756 1780 2799 δε
1798 2754 1855 2801 de
1866 2752 2074 2805 bello‚de

448 2816 601 2881 promi
640 2832 692 2872 is,
708 2815 766 2862 de
780 2815 1113 2875 juramenthe
1131 2815 1386 2877 repressaliis
1400 2816 1546 2876 capita
1565 2813 1777 2862 fecerunt.
1800 2815 1960 2863 Vidi&
1981 2813 2069 2877 spe-

447 2879 580 2927 ciales
595 2877 735 2925 libros
751 2877 810 2924 de
823 2878 927 2925 belli
942 2881 1038 2941 jure
1053 2879 1220 2940 partim
1237 2881 1264 2923 a
1277 2878 1534 2939 Theologis
1551 2875 1737 2938 scriptos
1757 2916 1767 2932 ‚
1783 2894 1831 2923 nt
1849 2882 1871 2923 ὲ
1886 2875 2078 2923 Francis-

448 2957 508 2989 co
525 2939 726 2988 vietoria
746 2975 756 2991 ‚
770 2939 972 2992 Henrico
987 2940 1269 2987 Gorichemo
1285 2978 1296 2997 ‚
1324 2944 1348 2970 *
1367 2939 1617 2985 Wilhelmo
1633 2939 1849 2992 Matthaei,
1870 2940 1892 2964 *
1914 2939 2075 3001 partim

449 3005 477 3050 ὲ
503 3000 767 3049 ἀοξὶοτίϋυε
795 3002 928 3062 juris,
966 3017 1017 3052 ut
1038 3002 1210 3050 Ioanne
1229 3001 1359 3064 Lupo
1377 3041 1388 3058 ,
1415 2999 1650 3048 'Francisco
1673 3002 1779 3047 Ario
1796 3037 1806 3050 ‚
1839 3001 2002 3047 loanne
2017 2999 2076 3043 de

449 3063 660 3130 Lignano
678 3102 690 3118 ‚
709 3064 910 3112 Martino
929 3063 1149 3112 Laudensi
1169 3079 1180 3110 ε
1216 3063 1289 3109 sed
1309 3066 1351 3110 hi
1369 3080 1529 3109 omnes
1541 3062 1831 3108 dcuberrimo
1849 3075 2078 3123 argumen-

449 3141 503 3175 to
516 3124 769 3190 paucissima
781 3126 989 3175 dixerunt
1009 3166 1020 3184 ,
1037 3128 1083 3173 δε
1101 3128 1162 3172 ita
1183 3126 1382 3187 plerique
1400 3166 1410 3183 ‚
1429 3140 1478 3172 ut
1496 3125 1579 3170 fine
1596 3125 1751 3170 ordine
1768 3140 1858 3184 quae
1872 3121 2079 3169 naturalis

449 3188 549 3237 sunt
563 3189 672 3250 iuris
689 3224 701 3243 ‚
720 3204 813 3250 quae
834 3188 973 3237 divini
989 3225 998 3240 ‚
1018 3205 1110 3250 quae
1129 3190 1457 3251 gentiu111„quae
1473 3187 1613 3232 civilis
1635 3225 1645 3239 ,
1670 3203 1759 3247 quae
1775 3200 1829 3230 ex
1841 3181 2080 3229 canonibus

449 3248 967 3312 veniunt,permiscerent
985 3265 1118 3314 atque
1135 3248 1621 3309 confunderent-QOd
1638 3248 1702 3292 his
1721 3246 1925 3291 omnibus
1939 3245 2084 3290 maxi-

450 3325 529 3363 me
544 3309 693 3362 defuit
711 3348 724 3371 ,
743 3311 1180 3364 historiarumlucem
1197 3350 1209 3370 ,
1242 3312 1443 3377 supplere
1458 3309 1646 3376 aggressi
1658 3309 1752 3355 sunt
1769 3305 2082 3415 eruditisgzgus

1979 3382 2002 3412 a
2035 3381 2083 3412 cr
