<?xml version="1.0" encoding="UTF-8"?>
<!DOCTYPE html PUBLIC "-//W3C//DTD XHTML 1.0 Transitional//EN"
    "http://www.w3.org/TR/xhtml1/DTD/xhtml1-transitional.dtd">
<html xmlns="http://www.w3.org/1999/xhtml" xml:lang="en" lang="en">
 <head>
  <title>
</title>
<meta http-equiv="Content-Type" content="text/html;charset=utf-8" />
  <meta name='ocr-system' content='tesseract 3.04.00' />
  <meta name='ocr-capabilities' content='ocr_page ocr_carea ocr_par ocr_line ocrx_word'/>
</head>
<body>
  <div class='ocr_page' id='page_1' title='image "./hugonisgrottiide010grotuoft_0327.png"; bbox 0 0 2475 3854; ppageno 0'>
   <div class='ocr_carea' id='block_1_1' title="bbox 793 213 2086 274">
    <p class='ocr_par' dir='ltr' id='par_1_1' title="bbox 793 213 2086 274">
     <span class='ocr_line' id='line_1_1' title="bbox 793 213 2086 274; baseline 0.012 -24"><span class='ocrx_word' id='word_1_1' title='bbox 793 213 1759 261; x_wconf 69' lang='lat' dir='ltr'><strong>ACPACIS‚L113.11.</strong></span> <span class='ocrx_word' id='word_1_2' title='bbox 2010 234 2086 274; x_wconf 85' lang='lat'><strong>277</strong></span> 
     </span>
    </p>
   </div>
   <div class='ocr_carea' id='block_1_2' title="bbox 407 276 2315 3338">
    <p class='ocr_par' dir='ltr' id='par_1_2' title="bbox 413 276 2084 403">
     <span class='ocr_line' id='line_1_2' title="bbox 419 276 2084 344; baseline 0.007 -18"><span class='ocrx_word' id='word_1_3' title='bbox 419 276 689 339; x_wconf 58' lang='lat' dir='ltr'><strong>conjeeiurae</strong></span> <span class='ocrx_word' id='word_1_4' title='bbox 706 279 1209 343; x_wconf 78' lang='lat' dir='ltr'><strong>promuntui·‚praecipui</strong></span> <span class='ocrx_word' id='word_1_5' title='bbox 1226 277 1324 328; x_wconf 78' lang='lat' dir='ltr'><strong>fimt</strong></span> <span class='ocrx_word' id='word_1_6' title='bbox 1345 297 1403 329; x_wconf 83' lang='lat' dir='ltr'><strong>ex</strong></span> <span class='ocrx_word' id='word_1_7' title='bbox 1418 285 1621 342; x_wconf 84' lang='lat' dir='ltr'><strong>materia,</strong></span> <span class='ocrx_word' id='word_1_8' title='bbox 1638 301 1695 332; x_wconf 83' lang='lat' dir='ltr'><strong>ex</strong></span> <span class='ocrx_word' id='word_1_9' title='bbox 1709 284 1880 344; x_wconf 68' lang='lat' dir='ltr'><strong>effcCtu,</strong></span> <span class='ocrx_word' id='word_1_10' title='bbox 1900 305 1956 336; x_wconf 83' lang='lat' dir='ltr'><strong>ex</strong></span> <span class='ocrx_word' id='word_1_11' title='bbox 1973 306 2084 336; x_wconf 91' lang='lat' dir='ltr'><strong>con-</strong></span> 
     </span>
     <span class='ocr_line' id='line_1_3' title="bbox 413 343 588 403; baseline -0.006 -15"><span class='ocrx_word' id='word_1_12' title='bbox 413 343 588 403; x_wconf 64' lang='lat' dir='ltr'><strong>junctis.</strong></span> 
     </span>
    </p>

    <p class='ocr_par' dir='ltr' id='par_1_3' title="bbox 411 403 2315 1032">
     <span class='ocr_line' id='line_1_4' title="bbox 480 403 2296 485; baseline 0.006 -33"><span class='ocrx_word' id='word_1_13' title='bbox 480 403 534 452; x_wconf 94' lang='lat' dir='ltr'><strong>V.</strong></span> <span class='ocrx_word' id='word_1_14' title='bbox 574 406 600 432; x_wconf 91' lang='lat'><em>*</em></span> <span class='ocrx_word' id='word_1_15' title='bbox 626 405 697 451; x_wconf 79' lang='lat' dir='ltr'><strong>Ex</strong></span> <span class='ocrx_word' id='word_1_16' title='bbox 711 407 915 462; x_wconf 71' lang='lat' dir='ltr'><strong>materia,</strong></span> <span class='ocrx_word' id='word_1_17' title='bbox 937 420 985 452; x_wconf 89' lang='lat' dir='ltr'><strong>ut</strong></span> <span class='ocrx_word' id='word_1_18' title='bbox 1002 421 1096 452; x_wconf 83' lang='lat' dir='ltr'><strong>vox</strong></span> <span class='ocrx_word' id='word_1_19' title='bbox 1112 405 1222 460; x_wconf 80' lang='lat' dir='ltr'><strong>diei,</strong></span> <span class='ocrx_word' id='word_1_20' title='bbox 1245 405 1273 452; x_wconf 86' lang='lat' dir='ltr'><strong>fi</strong></span> <span class='ocrx_word' id='word_1_21' title='bbox 1291 408 1472 469; x_wconf 80' lang='lat' dir='ltr'><strong>triginta</strong></span> <span class='ocrx_word' id='word_1_22' title='bbox 1486 408 1664 456; x_wconf 86' lang='lat' dir='ltr'><strong>dierum</strong></span> <span class='ocrx_word' id='word_1_23' title='bbox 1705 410 1838 474; x_wconf 60' lang='lat' dir='ltr'><strong>pasta:</strong></span> <span class='ocrx_word' id='word_1_24' title='bbox 1855 412 2078 462; x_wconf 81' lang='lat' dir='ltr'><strong>fintindu-</strong></span> <span class='ocrx_word' id='word_1_25' title='bbox 2099 440 2125 472; x_wconf 79' lang='lat' dir='ltr'><em>L</em></span> <span class='ocrx_word' id='word_1_26' title='bbox 2147 439 2176 485; x_wconf 74' lang='lat' dir='ltr'><em>fi</em></span> <span class='ocrx_word' id='word_1_27' title='bbox 2190 453 2247 475; x_wconf 73' lang='lat' dir='ltr'><strong>m</strong></span> <span class='ocrx_word' id='word_1_28' title='bbox 2263 445 2296 477; x_wconf 76' lang='lat' dir='ltr'><em>D</em></span> 
     </span>
     <span class='ocr_line' id='line_1_5' title="bbox 413 466 2312 537; baseline 0.005 -24"><span class='ocrx_word' id='word_1_29' title='bbox 413 466 606 522; x_wconf 82' lang='lat' dir='ltr'><strong>ciae,non</strong></span> <span class='ocrx_word' id='word_1_30' title='bbox 623 467 762 514; x_wconf 87' lang='lat' dir='ltr'><strong>debet:</strong></span> <span class='ocrx_word' id='word_1_31' title='bbox 779 468 836 514; x_wconf 88' lang='lat' dir='ltr'><strong>de</strong></span> <span class='ocrx_word' id='word_1_32' title='bbox 851 467 1007 518; x_wconf 86' lang='lat' dir='ltr'><strong>diebus</strong></span> <span class='ocrx_word' id='word_1_33' title='bbox 1023 468 1295 515; x_wconf 85' lang='lat' dir='ltr'><strong>naturalibus</strong></span> <span class='ocrx_word' id='word_1_34' title='bbox 1313 508 1323 527; x_wconf 87' lang='lat'>,</span> <span class='ocrx_word' id='word_1_35' title='bbox 1342 471 1416 517; x_wconf 83' lang='lat' dir='ltr'><strong>sed</strong></span> <span class='ocrx_word' id='word_1_36' title='bbox 1429 472 1633 518; x_wconf 86' lang='lat' dir='ltr'><strong>civilibus</strong></span> <span class='ocrx_word' id='word_1_37' title='bbox 1650 474 1837 537; x_wconf 75' lang='lat' dir='ltr'>intelligi</span> <span class='ocrx_word' id='word_1_38' title='bbox 1857 491 1870 522; x_wconf 78' lang='lat' dir='ltr'><strong><em>z</em></strong></span> <span class='ocrx_word' id='word_1_39' title='bbox 1888 477 1935 522; x_wconf 88' lang='lat' dir='ltr'><strong>id.</strong></span> <span class='ocrx_word' id='word_1_40' title='bbox 1958 480 2075 524; x_wconf 88' lang='lat' dir='ltr'><strong>enim</strong></span> <span class='ocrx_word' id='word_1_41' title='bbox 2097 466 2167 520; x_wconf 45' lang='lat' dir='ltr'><strong>Lac.</strong></span> <span class='ocrx_word' id='word_1_42' title='bbox 2181 468 2312 522; x_wconf 60' lang='lat' dir='ltr'><strong>conda-⁴</strong></span> 
     </span>
     <span class='ocr_line' id='line_1_6' title="bbox 414 530 2287 596; baseline 0.006 -21"><span class='ocrx_word' id='word_1_43' title='bbox 414 532 614 576; x_wconf 87' lang='lat' dir='ltr'><strong>materiae</strong></span> <span class='ocrx_word' id='word_1_44' title='bbox 628 532 855 593; x_wconf 80' lang='lat' dir='ltr'><strong>congruit.</strong></span> <span class='ocrx_word' id='word_1_45' title='bbox 888 532 955 577; x_wconf 83' lang='lat' dir='ltr'><strong>Ita</strong></span> <span class='ocrx_word' id='word_1_46' title='bbox 971 530 1160 578; x_wconf 87' lang='lat' dir='ltr'><strong>verbum</strong></span> <span class='ocrx_word' id='word_1_47' title='bbox 1179 531 1348 579; x_wconf 85' lang='lat' dir='ltr'><strong>donare</strong></span> <span class='ocrx_word' id='word_1_48' title='bbox 1361 532 1545 580; x_wconf 79' lang='lat' dir='ltr'>sumitur</span> <span class='ocrx_word' id='word_1_49' title='bbox 1564 551 1647 596; x_wconf 81' lang='lat' dir='ltr'><strong>pro</strong></span> <span class='ocrx_word' id='word_1_50' title='bbox 1669 538 1909 583; x_wconf 66' lang='lat' dir='ltr'><strong>traniioere</strong></span> <span class='ocrx_word' id='word_1_51' title='bbox 1924 554 1981 586; x_wconf 79' lang='lat' dir='ltr'><strong>ex</strong></span> <span class='ocrx_word' id='word_1_52' title='bbox 1998 556 2075 586; x_wconf 88' lang='lat' dir='ltr'><strong>ne-</strong></span> <span class='ocrx_word' id='word_1_53' title='bbox 2098 534 2151 588; x_wconf 42' lang='grc' dir='ltr'><strong>ᾧ·</strong></span> <span class='ocrx_word' id='word_1_54' title='bbox 2170 536 2287 569; x_wconf 58' lang='lat' dir='ltr'><strong>fve&#39;h·</strong></span> 
     </span>
     <span class='ocr_line' id='line_1_7' title="bbox 413 579 2315 661; baseline -0.003 -23"><span class='ocrx_word' id='word_1_55' title='bbox 413 592 530 654; x_wconf 85' lang='lat' dir='ltr'><strong>gotii</strong></span> <span class='ocrx_word' id='word_1_56' title='bbox 551 593 781 652; x_wconf 80' lang='lat' dir='ltr'>qualitate.</span> <span class='ocrx_word' id='word_1_57' title='bbox 797 593 871 639; x_wconf 85' lang='lat' dir='ltr'><strong>Sic</strong></span> <span class='ocrx_word' id='word_1_58' title='bbox 891 609 1123 639; x_wconf 84' lang='lat' dir='ltr'><strong>armorum</strong></span> <span class='ocrx_word' id='word_1_59' title='bbox 1139 609 1248 648; x_wconf 75' lang='lat' dir='ltr'><strong>vox,</strong></span> <span class='ocrx_word' id='word_1_60' title='bbox 1268 611 1361 655; x_wconf 74' lang='lat' dir='ltr'><strong>quae</strong></span> <span class='ocrx_word' id='word_1_61' title='bbox 1379 595 1523 642; x_wconf 84' lang='lat' dir='ltr'><strong>modo</strong></span> <span class='ocrx_word' id='word_1_62' title='bbox 1538 597 1638 643; x_wconf 87' lang='lat' dir='ltr'><strong>belli</strong></span> <span class='ocrx_word' id='word_1_63' title='bbox 1659 579 1956 658; x_wconf 54' lang='lat' dir='ltr'><strong>instrumenta,</strong></span> <span class='ocrx_word' id='word_1_64' title='bbox 1978 618 2074 649; x_wconf 75' lang='lat' dir='ltr'><strong>mo-</strong></span> <span class='ocrx_word' id='word_1_65' title='bbox 2097 582 2315 661; x_wconf 44' lang='grc' dir='ltr'><strong>ῗζῦζίῑὲἳῖζζξ·</strong></span> 
     </span>
     <span class='ocr_line' id='line_1_8' title="bbox 415 640 2157 719; baseline 0.005 -20"><span class='ocrx_word' id='word_1_66' title='bbox 415 654 481 700; x_wconf 91' lang='lat' dir='ltr'><strong>do</strong></span> <span class='ocrx_word' id='word_1_67' title='bbox 499 655 663 701; x_wconf 82' lang='lat' dir='ltr'>milites</span> <span class='ocrx_word' id='word_1_68' title='bbox 681 671 879 702; x_wconf 81' lang='lat' dir='ltr'><strong>armatos</strong></span> <span class='ocrx_word' id='word_1_69' title='bbox 895 655 1106 719; x_wconf 78' lang='lat' dir='ltr'><strong>fignificat</strong></span> <span class='ocrx_word' id='word_1_70' title='bbox 1127 695 1138 711; x_wconf 92' lang='lat'>,</span> <span class='ocrx_word' id='word_1_71' title='bbox 1173 673 1256 719; x_wconf 80' lang='lat' dir='ltr'><strong>pro</strong></span> <span class='ocrx_word' id='word_1_72' title='bbox 1273 660 1462 704; x_wconf 86' lang='lat' dir='ltr'><strong>materia</strong></span> <span class='ocrx_word' id='word_1_73' title='bbox 1481 697 1491 714; x_wconf 90' lang='lat'>,</span> <span class='ocrx_word' id='word_1_74' title='bbox 1529 674 1602 705; x_wconf 86' lang='lat' dir='ltr'><strong>aut</strong></span> <span class='ocrx_word' id='word_1_75' title='bbox 1626 660 1742 706; x_wconf 82' lang='lat' dir='ltr'><strong>hunc</strong></span> <span class='ocrx_word' id='word_1_76' title='bbox 1770 678 1846 708; x_wconf 83' lang='lat' dir='ltr'><strong>aut</strong></span> <span class='ocrx_word' id='word_1_77' title='bbox 1878 663 2002 710; x_wconf 89' lang='lat' dir='ltr'><strong>illum</strong></span> <span class='ocrx_word' id='word_1_78' title='bbox 2031 667 2074 711; x_wconf 89' lang='lat' dir='ltr'><strong>in</strong></span> <span class='ocrx_word' id='word_1_79' title='bbox 2090 640 2157 709; x_wconf 49' lang='lat' dir='ltr'><strong>lm.</strong></span> 
     </span>
     <span class='ocr_line' id='line_1_9' title="bbox 415 715 2078 786; baseline 0.007 -24"><span class='ocrx_word' id='word_1_80' title='bbox 415 715 611 763; x_wconf 85' lang='lat' dir='ltr'><strong>modum</strong></span> <span class='ocrx_word' id='word_1_81' title='bbox 629 719 712 763; x_wconf 90' lang='lat' dir='ltr'><strong>erit</strong></span> <span class='ocrx_word' id='word_1_82' title='bbox 729 717 1080 780; x_wconf 83' lang='lat' dir='ltr'><strong>interpretanda.</strong></span> <span class='ocrx_word' id='word_1_83' title='bbox 1115 718 1181 765; x_wconf 87' lang='lat' dir='ltr'><strong>Ita</strong></span> <span class='ocrx_word' id='word_1_84' title='bbox 1199 719 1404 766; x_wconf 85' lang='lat' dir='ltr'><strong>homines</strong></span> <span class='ocrx_word' id='word_1_85' title='bbox 1434 723 1507 782; x_wconf 87' lang='lat' dir='ltr'><strong>qui</strong></span> <span class='ocrx_word' id='word_1_86' title='bbox 1540 722 1732 768; x_wconf 77' lang='lat' dir='ltr'><strong>reddere</strong></span> <span class='ocrx_word' id='word_1_87' title='bbox 1758 726 1984 786; x_wconf 68' lang='lat' dir='ltr'><strong>promffir,</strong></span> <span class='ocrx_word' id='word_1_88' title='bbox 2006 729 2078 773; x_wconf 89' lang='lat' dir='ltr'><strong>vi-</strong></span> 
     </span>
     <span class='ocr_line' id='line_1_10' title="bbox 413 780 2078 844; baseline 0.005 -17"><span class='ocrx_word' id='word_1_89' title='bbox 413 793 499 827; x_wconf 88' lang='lat' dir='ltr'><strong>vos</strong></span> <span class='ocrx_word' id='word_1_90' title='bbox 512 817 524 834; x_wconf 83' lang='lat'>,</span> <span class='ocrx_word' id='word_1_91' title='bbox 539 796 630 826; x_wconf 91' lang='lat' dir='ltr'><strong>non</strong></span> <span class='ocrx_word' id='word_1_92' title='bbox 643 795 852 827; x_wconf 84' lang='lat' dir='ltr'><strong>mortuos</strong></span> <span class='ocrx_word' id='word_1_93' title='bbox 872 780 1062 826; x_wconf 80' lang='lat' dir='ltr'><strong>reddere</strong></span> <span class='ocrx_word' id='word_1_94' title='bbox 1076 780 1213 827; x_wconf 86' lang='lat' dir='ltr'><strong>debet</strong></span> <span class='ocrx_word' id='word_1_95' title='bbox 1235 819 1245 836; x_wconf 86' lang='lat'>‚</span> <span class='ocrx_word' id='word_1_96' title='bbox 1262 798 1422 828; x_wconf 82' lang='lat' dir='ltr'><strong>contra</strong></span> <span class='ocrx_word' id='word_1_97' title='bbox 1438 800 1572 844; x_wconf 81' lang='lat' dir='ltr'><strong>quam</strong></span> <span class='ocrx_word' id='word_1_98' title='bbox 1585 785 1775 832; x_wconf 83' lang='lat' dir='ltr'><strong>cavillati</strong></span> <span class='ocrx_word' id='word_1_99' title='bbox 1805 785 1900 834; x_wconf 86' lang='lat' dir='ltr'><strong>sunt</strong></span> <span class='ocrx_word' id='word_1_100' title='bbox 1920 788 2078 837; x_wconf 71' lang='lat' dir='ltr'><strong>Platae-</strong></span> 
     </span>
     <span class='ocr_line' id='line_1_11' title="bbox 412 840 2072 912; baseline 0.007 -25"><span class='ocrx_word' id='word_1_101' title='bbox 412 840 552 888; x_wconf 81' lang='lat' dir='ltr'><strong>enses.</strong></span> <span class='ocrx_word' id='word_1_102' title='bbox 571 842 629 888; x_wconf 92' lang='lat' dir='ltr'><strong>Et</strong></span> <span class='ocrx_word' id='word_1_103' title='bbox 650 840 822 889; x_wconf 87' lang='lat' dir='ltr'><strong>ferrum</strong></span> <span class='ocrx_word' id='word_1_104' title='bbox 833 842 1061 904; x_wconf 80' lang='lat' dir='ltr'><strong>deponere</strong></span> <span class='ocrx_word' id='word_1_105' title='bbox 1078 843 1176 901; x_wconf 80' lang='lat' dir='ltr'><strong>juffi</strong></span> <span class='ocrx_word' id='word_1_106' title='bbox 1195 882 1207 899; x_wconf 81' lang='lat'>‚</span> <span class='ocrx_word' id='word_1_107' title='bbox 1229 846 1326 890; x_wconf 79' lang='lat' dir='ltr'><strong>satis</strong></span> <span class='ocrx_word' id='word_1_108' title='bbox 1345 844 1545 891; x_wconf 84' lang='lat' dir='ltr'><strong>fecerunt</strong></span> <span class='ocrx_word' id='word_1_109' title='bbox 1562 845 1589 891; x_wconf 82' lang='lat' dir='ltr'><strong>fi</strong></span> <span class='ocrx_word' id='word_1_110' title='bbox 1608 847 1808 910; x_wconf 75' lang='lat' dir='ltr'>gladium</span> <span class='ocrx_word' id='word_1_111' title='bbox 1826 848 2072 912; x_wconf 83' lang='lat' dir='ltr'><strong>deponant,</strong></span> 
     </span>
     <span class='ocr_line' id='line_1_12' title="bbox 413 903 2074 971; baseline 0.007 -21"><span class='ocrx_word' id='word_1_112' title='bbox 413 906 560 950; x_wconf 87' lang='lat' dir='ltr'><strong>non&amp;</strong></span> <span class='ocrx_word' id='word_1_113' title='bbox 577 903 732 950; x_wconf 81' lang='lat' dir='ltr'><strong>fibulas</strong></span> <span class='ocrx_word' id='word_1_114' title='bbox 750 944 761 960; x_wconf 79' lang='lat'>‚</span> <span class='ocrx_word' id='word_1_115' title='bbox 786 905 910 966; x_wconf 84' lang='lat' dir='ltr'><strong>quod</strong></span> <span class='ocrx_word' id='word_1_116' title='bbox 939 904 1137 951; x_wconf 87' lang='lat' dir='ltr'><strong>Pericles</strong></span> <span class='ocrx_word' id='word_1_117' title='bbox 1168 907 1487 971; x_wconf 75' lang='lat' dir='ltr'><strong>argutabatur:</strong></span> <span class='ocrx_word' id='word_1_118' title='bbox 1523 909 1571 953; x_wconf 74' lang='lat' dir='ltr'><strong>Sc</strong></span> <span class='ocrx_word' id='word_1_119' title='bbox 1586 911 1727 956; x_wconf 78' lang='lat' dir='ltr'><strong>exitus</strong></span> <span class='ocrx_word' id='word_1_120' title='bbox 1745 927 1801 956; x_wconf 83' lang='lat' dir='ltr'><strong>ex</strong></span> <span class='ocrx_word' id='word_1_121' title='bbox 1819 910 1929 959; x_wconf 79' lang='lat' dir='ltr'><strong>urbe</strong></span> <span class='ocrx_word' id='word_1_122' title='bbox 1959 913 2074 961; x_wconf 82' lang='lat' dir='ltr'><strong>liber</strong></span> 
     </span>
     <span class='ocr_line' id='line_1_13' title="bbox 411 966 2075 1032; baseline 0.006 -20"><span class='ocrx_word' id='word_1_123' title='bbox 411 966 601 1030; x_wconf 80' lang='lat' dir='ltr'><strong>intelligi</strong></span> <span class='ocrx_word' id='word_1_124' title='bbox 619 966 774 1022; x_wconf 84' lang='lat' dir='ltr'><strong>debet,</strong></span> <span class='ocrx_word' id='word_1_125' title='bbox 792 969 854 1013; x_wconf 87' lang='lat' dir='ltr'><strong>ita</strong></span> <span class='ocrx_word' id='word_1_126' title='bbox 871 982 920 1013; x_wconf 86' lang='lat' dir='ltr'><strong>ut</strong></span> <span class='ocrx_word' id='word_1_127' title='bbox 938 967 985 1012; x_wconf 73' lang='grc' dir='ltr'><strong>δε</strong></span> <span class='ocrx_word' id='word_1_128' title='bbox 1000 969 1086 1013; x_wconf 86' lang='lat' dir='ltr'><strong>iter</strong></span> <span class='ocrx_word' id='word_1_129' title='bbox 1102 982 1249 1014; x_wconf 88' lang='lat' dir='ltr'><strong>tutum</strong></span> <span class='ocrx_word' id='word_1_130' title='bbox 1269 969 1335 1023; x_wconf 79' lang='lat' dir='ltr'><strong>sit,</strong></span> <span class='ocrx_word' id='word_1_131' title='bbox 1356 984 1513 1016; x_wconf 84' lang='lat' dir='ltr'><strong>contra</strong></span> <span class='ocrx_word' id='word_1_132' title='bbox 1529 986 1658 1032; x_wconf 85' lang='lat' dir='ltr'><strong>quam</strong></span> <span class='ocrx_word' id='word_1_133' title='bbox 1678 972 1785 1018; x_wconf 89' lang='lat' dir='ltr'><strong>fecit</strong></span> <span class='ocrx_word' id='word_1_134' title='bbox 1801 974 2075 1023; x_wconf 79' lang='lat' dir='ltr'><strong>Alexander.</strong></span> 
     </span>
    </p>

    <p class='ocr_par' dir='ltr' id='par_1_4' title="bbox 409 1027 2073 1213">
     <span class='ocr_line' id='line_1_14' title="bbox 410 1027 2073 1097; baseline 0.006 -22"><span class='ocrx_word' id='word_1_135' title='bbox 410 1027 472 1075; x_wconf 87' lang='lat' dir='ltr'><strong>Et</strong></span> <span class='ocrx_word' id='word_1_136' title='bbox 484 1044 584 1090; x_wconf 86' lang='lat' dir='ltr'><strong>pars</strong></span> <span class='ocrx_word' id='word_1_137' title='bbox 600 1028 790 1075; x_wconf 85' lang='lat' dir='ltr'><strong>dimidia</strong></span> <span class='ocrx_word' id='word_1_138' title='bbox 806 1031 985 1075; x_wconf 85' lang='lat' dir='ltr'><strong>navium</strong></span> <span class='ocrx_word' id='word_1_139' title='bbox 999 1030 1043 1074; x_wconf 89' lang='lat' dir='ltr'><strong>in</strong></span> <span class='ocrx_word' id='word_1_140' title='bbox 1061 1028 1276 1077; x_wconf 66' lang='lat' dir='ltr'><strong>divisione</strong></span> <span class='ocrx_word' id='word_1_141' title='bbox 1291 1070 1301 1087; x_wconf 92' lang='lat'>,</span> <span class='ocrx_word' id='word_1_142' title='bbox 1318 1033 1592 1093; x_wconf 80' lang='lat' dir='ltr'><strong>integrarum</strong></span> <span class='ocrx_word' id='word_1_143' title='bbox 1610 1035 1794 1097; x_wconf 79' lang='lat' dir='ltr'><strong>intelligi</strong></span> <span class='ocrx_word' id='word_1_144' title='bbox 1809 1034 1959 1093; x_wconf 83' lang='lat' dir='ltr'><strong>debet,</strong></span> <span class='ocrx_word' id='word_1_145' title='bbox 1982 1055 2073 1084; x_wconf 88' lang='lat' dir='ltr'><strong>non</strong></span> 
     </span>
     <span class='ocr_line' id='line_1_15' title="bbox 410 1090 2071 1155; baseline 0.007 -20"><span class='ocrx_word' id='word_1_146' title='bbox 410 1090 625 1137; x_wconf 62' lang='lat' dir='ltr'><strong>stcftarum</strong></span> <span class='ocrx_word' id='word_1_147' title='bbox 645 1128 656 1146; x_wconf 88' lang='lat'>‚</span> <span class='ocrx_word' id='word_1_148' title='bbox 676 1107 837 1138; x_wconf 88' lang='lat' dir='ltr'><strong>contra</strong></span> <span class='ocrx_word' id='word_1_149' title='bbox 866 1108 1002 1155; x_wconf 85' lang='lat' dir='ltr'><strong>quam</strong></span> <span class='ocrx_word' id='word_1_150' title='bbox 1018 1091 1218 1140; x_wconf 85' lang='lat' dir='ltr'><strong>Romani</strong></span> <span class='ocrx_word' id='word_1_151' title='bbox 1249 1094 1480 1141; x_wconf 86' lang='lat' dir='ltr'><strong>Antiocho</strong></span> <span class='ocrx_word' id='word_1_152' title='bbox 1502 1093 1721 1144; x_wconf 85' lang='lat' dir='ltr'><strong>fecerunt.</strong></span> <span class='ocrx_word' id='word_1_153' title='bbox 1766 1098 1843 1144; x_wconf 89' lang='lat' dir='ltr'><strong>De</strong></span> <span class='ocrx_word' id='word_1_154' title='bbox 1859 1097 2071 1147; x_wconf 72' lang='lat' dir='ltr'><strong>similibus</strong></span> 
     </span>
     <span class='ocr_line' id='line_1_16' title="bbox 409 1152 891 1213; baseline 0.002 -13"><span class='ocrx_word' id='word_1_155' title='bbox 409 1152 535 1200; x_wconf 89' lang='lat' dir='ltr'><strong>idem</strong></span> <span class='ocrx_word' id='word_1_156' title='bbox 554 1153 647 1200; x_wconf 89' lang='lat' dir='ltr'><strong>esto</strong></span> <span class='ocrx_word' id='word_1_157' title='bbox 660 1154 891 1213; x_wconf 82' lang='lat' dir='ltr'><strong>judicium.</strong></span> 
     </span>
    </p>

    <p class='ocr_par' dir='ltr' id='par_1_5' title="bbox 407 1215 2305 1538">
     <span class='ocr_line' id='line_1_17' title="bbox 475 1215 2305 1287; baseline 0.003 -24"><span class='ocrx_word' id='word_1_158' title='bbox 475 1215 517 1263; x_wconf 91' lang='lat' dir='ltr'>V</span> <span class='ocrx_word' id='word_1_159' title='bbox 533 1215 568 1261; x_wconf 87' lang='lat'><strong>1.</strong></span> <span class='ocrx_word' id='word_1_160' title='bbox 602 1216 671 1263; x_wconf 79' lang='lat' dir='ltr'><strong>Ex</strong></span> <span class='ocrx_word' id='word_1_161' title='bbox 700 1216 880 1268; x_wconf 65' lang='lat' dir='ltr'><strong>effectu,</strong></span> <span class='ocrx_word' id='word_1_162' title='bbox 911 1219 956 1264; x_wconf 89' lang='lat' dir='ltr'><strong>in</strong></span> <span class='ocrx_word' id='word_1_163' title='bbox 970 1233 1061 1279; x_wconf 89' lang='lat' dir='ltr'><strong>quo</strong></span> <span class='ocrx_word' id='word_1_164' title='bbox 1096 1219 1365 1281; x_wconf 77' lang='lat' dir='ltr'><strong>praecipuum</strong></span> <span class='ocrx_word' id='word_1_165' title='bbox 1396 1219 1456 1265; x_wconf 87' lang='lat' dir='ltr'><strong>est</strong></span> <span class='ocrx_word' id='word_1_166' title='bbox 1472 1218 1500 1266; x_wconf 87' lang='lat' dir='ltr'>fi</span> <span class='ocrx_word' id='word_1_167' title='bbox 1523 1235 1616 1267; x_wconf 78' lang='lat' dir='ltr'><strong>vox</strong></span> <span class='ocrx_word' id='word_1_168' title='bbox 1632 1235 1690 1266; x_wconf 76' lang='lat' dir='ltr'><strong>ex</strong></span> <span class='ocrx_word' id='word_1_169' title='bbox 1717 1220 1794 1266; x_wconf 85' lang='lat' dir='ltr'><strong>usu</strong></span> <span class='ocrx_word' id='word_1_170' title='bbox 1819 1225 2070 1287; x_wconf 84' lang='lat' dir='ltr'><strong>receptiore</strong></span> <span class='ocrx_word' id='word_1_171' title='bbox 2095 1225 2200 1257; x_wconf 50' lang='lat' dir='ltr'><strong>Bw&amp;</strong></span> <span class='ocrx_word' id='word_1_172' title='bbox 2214 1238 2244 1256; x_wconf 71' lang='lat' dir='ltr'><strong><em>m</em></strong></span> <span class='ocrx_word' id='word_1_173' title='bbox 2258 1226 2305 1258; x_wconf 64' lang='lat'><strong>10⁴</strong></span> 
     </span>
     <span class='ocr_line' id='line_1_18' title="bbox 407 1272 2305 1353; baseline 0.003 -27"><span class='ocrx_word' id='word_1_174' title='bbox 407 1277 553 1326; x_wconf 85' lang='lat' dir='ltr'><strong>sumta</strong></span> <span class='ocrx_word' id='word_1_175' title='bbox 565 1278 771 1326; x_wconf 73' lang='lat' dir='ltr'><strong>effectum</strong></span> <span class='ocrx_word' id='word_1_176' title='bbox 801 1279 899 1342; x_wconf 84' lang='lat' dir='ltr'><strong>post</strong></span> <span class='ocrx_word' id='word_1_177' title='bbox 916 1281 959 1326; x_wconf 92' lang='lat' dir='ltr'><strong>se</strong></span> <span class='ocrx_word' id='word_1_178' title='bbox 975 1281 1170 1327; x_wconf 83' lang='lat' dir='ltr'><strong>traheret</strong></span> <span class='ocrx_word' id='word_1_179' title='bbox 1188 1285 1213 1326; x_wconf 78' lang='lat' dir='ltr'><strong>a</strong></span> <span class='ocrx_word' id='word_1_180' title='bbox 1228 1283 1402 1327; x_wconf 78' lang='lat' dir='ltr'><strong>ratione</strong></span> <span class='ocrx_word' id='word_1_181' title='bbox 1418 1282 1626 1329; x_wconf 87' lang='lat' dir='ltr'><strong>alienum.</strong></span> <span class='ocrx_word' id='word_1_182' title='bbox 1660 1283 1707 1328; x_wconf 92' lang='lat' dir='ltr'><strong>In</strong></span> <span class='ocrx_word' id='word_1_183' title='bbox 1725 1282 1933 1347; x_wconf 78' lang='lat' dir='ltr'><strong>ambigua</strong></span> <span class='ocrx_word' id='word_1_184' title='bbox 1952 1288 2068 1332; x_wconf 87' lang='lat' dir='ltr'><strong>enim</strong></span> <span class='ocrx_word' id='word_1_185' title='bbox 2089 1272 2174 1353; x_wconf 48' lang='grc' dir='ltr'><strong>ἰώ</strong></span> <span class='ocrx_word' id='word_1_186' title='bbox 2188 1273 2305 1314; x_wconf 55' lang='lat' dir='ltr'><em>absm‘</em></span> 
     </span>
     <span class='ocr_line' id='line_1_19' title="bbox 409 1341 2304 1410; baseline 0.004 -21"><span class='ocrx_word' id='word_1_187' title='bbox 409 1357 526 1389; x_wconf 81' lang='lat' dir='ltr'><strong>voce</strong></span> <span class='ocrx_word' id='word_1_188' title='bbox 537 1358 588 1388; x_wconf 85' lang='lat' dir='ltr'><strong>ea</strong></span> <span class='ocrx_word' id='word_1_189' title='bbox 601 1343 753 1404; x_wconf 88' lang='lat' dir='ltr'><strong>potius</strong></span> <span class='ocrx_word' id='word_1_190' title='bbox 769 1341 1023 1404; x_wconf 83' lang='lat' dir='ltr'><strong>accipienda</strong></span> <span class='ocrx_word' id='word_1_191' title='bbox 1038 1342 1098 1389; x_wconf 91' lang='lat' dir='ltr'><strong>est</strong></span> <span class='ocrx_word' id='word_1_192' title='bbox 1127 1346 1443 1405; x_wconf 78' lang='lat' dir='ltr'><strong>interpretatio</strong></span> <span class='ocrx_word' id='word_1_193' title='bbox 1464 1383 1475 1399; x_wconf 85' lang='lat'>,</span> <span class='ocrx_word' id='word_1_194' title='bbox 1502 1361 1597 1406; x_wconf 77' lang='lat' dir='ltr'><strong>quae</strong></span> <span class='ocrx_word' id='word_1_195' title='bbox 1613 1346 1726 1391; x_wconf 88' lang='lat' dir='ltr'><strong>vitio</strong></span> <span class='ocrx_word' id='word_1_196' title='bbox 1744 1361 1880 1393; x_wconf 84' lang='lat' dir='ltr'><strong>caret.</strong></span> <span class='ocrx_word' id='word_1_197' title='bbox 1914 1349 2068 1410; x_wconf 86' lang='lat' dir='ltr'><strong>Iraque</strong></span> <span class='ocrx_word' id='word_1_198' title='bbox 2087 1344 2182 1399; x_wconf 53' lang='lat' dir='ltr'><strong>Lsln</strong></span> <span class='ocrx_word' id='word_1_199' title='bbox 2197 1365 2304 1397; x_wconf 60' lang='lat' dir='ltr'><strong>ambi-</strong></span> 
     </span>
     <span class='ocr_line' id='line_1_20' title="bbox 409 1403 2278 1471; baseline 0.002 -19"><span class='ocrx_word' id='word_1_200' title='bbox 409 1420 503 1452; x_wconf 89' lang='lat' dir='ltr'><strong>non</strong></span> <span class='ocrx_word' id='word_1_201' title='bbox 513 1403 793 1451; x_wconf 86' lang='lat' dir='ltr'><strong>admittenda</strong></span> <span class='ocrx_word' id='word_1_202' title='bbox 806 1403 993 1453; x_wconf 79' lang='lat' dir='ltr'><strong>ssrafidae</strong></span> <span class='ocrx_word' id='word_1_203' title='bbox 1010 1405 1253 1461; x_wconf 76' lang='lat' dir='ltr'><strong>cavillatio,</strong></span> <span class='ocrx_word' id='word_1_204' title='bbox 1275 1407 1349 1468; x_wconf 89' lang='lat' dir='ltr'><strong>qui</strong></span> <span class='ocrx_word' id='word_1_205' title='bbox 1364 1408 1591 1467; x_wconf 80' lang='lat' dir='ltr'><strong>pollicitus</strong></span> <span class='ocrx_word' id='word_1_206' title='bbox 1613 1422 1725 1471; x_wconf 80' lang='lat' dir='ltr'><strong>agro</strong></span> <span class='ocrx_word' id='word_1_207' title='bbox 1743 1407 1913 1455; x_wconf 83' lang='lat' dir='ltr'><strong>Boeoto</strong></span> <span class='ocrx_word' id='word_1_208' title='bbox 1933 1410 1975 1457; x_wconf 85' lang='lat' dir='ltr'><strong>se</strong></span> <span class='ocrx_word' id='word_1_209' title='bbox 1992 1410 2068 1456; x_wconf 80' lang='lat' dir='ltr'><strong>de·</strong></span> <span class='ocrx_word' id='word_1_210' title='bbox 2083 1424 2161 1456; x_wconf 69' lang='lat' dir='ltr'><strong>gua·</strong></span> <span class='ocrx_word' id='word_1_211' title='bbox 2178 1414 2222 1445; x_wconf 74' lang='lat' dir='ltr'><strong>D·</strong></span> <span class='ocrx_word' id='word_1_212' title='bbox 2238 1413 2278 1444; x_wconf 60' lang='lat' dir='ltr'><strong>de</strong></span> 
     </span>
     <span class='ocr_line' id='line_1_21' title="bbox 410 1459 2212 1538; baseline 0.002 -25"><span class='ocrx_word' id='word_1_213' title='bbox 410 1466 629 1513; x_wconf 76' lang='lat' dir='ltr'><strong>cess&#39;urum</strong></span> <span class='ocrx_word' id='word_1_214' title='bbox 646 1501 656 1514; x_wconf 96' lang='lat'><em>,</em></span> <span class='ocrx_word' id='word_1_215' title='bbox 686 1465 879 1529; x_wconf 81' lang='lat' dir='ltr'><strong>negabat</strong></span> <span class='ocrx_word' id='word_1_216' title='bbox 898 1482 1054 1530; x_wconf 80' lang='lat' dir='ltr'><strong>agrum</strong></span> <span class='ocrx_word' id='word_1_217' title='bbox 1082 1467 1292 1514; x_wconf 70' lang='lat' dir='ltr'><strong>Boeotum</strong></span> <span class='ocrx_word' id='word_1_218' title='bbox 1327 1467 1413 1515; x_wconf 76' lang='lat' dir='ltr'><strong>esse</strong></span> <span class='ocrx_word' id='word_1_219' title='bbox 1442 1485 1576 1531; x_wconf 86' lang='lat' dir='ltr'><strong>quem</strong></span> <span class='ocrx_word' id='word_1_220' title='bbox 1611 1472 1812 1517; x_wconf 84' lang='lat' dir='ltr'><strong>exercitu</strong></span> <span class='ocrx_word' id='word_1_221' title='bbox 1844 1471 2064 1528; x_wconf 69' lang='lat' dir='ltr'><strong>insideret,</strong></span> <span class='ocrx_word' id='word_1_222' title='bbox 2084 1459 2212 1538; x_wconf 51' lang='grc' dir='ltr'><strong>ξξύωὲ</strong></span> 
     </span>
    </p>

    <p class='ocr_par' dir='ltr' id='par_1_6' title="bbox 409 1516 2254 1654">
     <span class='ocr_line' id='line_1_22' title="bbox 443 1516 2254 1599; baseline 0.003 -25"><span class='ocrx_word' id='word_1_223' title='bbox 443 1528 530 1575; x_wconf 79' lang='lat' dir='ltr'><strong>uasi</strong></span> <span class='ocrx_word' id='word_1_224' title='bbox 551 1528 610 1574; x_wconf 88' lang='lat' dir='ltr'><strong>de</strong></span> <span class='ocrx_word' id='word_1_225' title='bbox 627 1528 788 1575; x_wconf 83' lang='lat' dir='ltr'><strong>bellica</strong></span> <span class='ocrx_word' id='word_1_226' title='bbox 806 1528 1170 1591; x_wconf 80' lang='lat' dir='ltr'><strong>poffeflionenon</strong></span> <span class='ocrx_word' id='word_1_227' title='bbox 1187 1530 1245 1576; x_wconf 88' lang='lat' dir='ltr'><strong>de</strong></span> <span class='ocrx_word' id='word_1_228' title='bbox 1259 1528 1417 1578; x_wconf 84' lang='lat' dir='ltr'><strong>finibus</strong></span> <span class='ocrx_word' id='word_1_229' title='bbox 1434 1532 1625 1593; x_wconf 79' lang='lat' dir='ltr'><strong>antiquis</strong></span> <span class='ocrx_word' id='word_1_230' title='bbox 1641 1547 1693 1578; x_wconf 86' lang='lat' dir='ltr'><strong>ea</strong></span> <span class='ocrx_word' id='word_1_231' title='bbox 1712 1548 1805 1579; x_wconf 82' lang='lat' dir='ltr'><strong>vox</strong></span> <span class='ocrx_word' id='word_1_232' title='bbox 1815 1535 2069 1599; x_wconf 82' lang='lat' dir='ltr'><strong>intelligen-</strong></span> <span class='ocrx_word' id='word_1_233' title='bbox 2132 1517 2182 1538; x_wconf 56' lang='grc' dir='ltr'><strong>’κ’</strong></span> <span class='ocrx_word' id='word_1_234' title='bbox 2220 1516 2254 1540; x_wconf 89' lang='lat' dir='ltr'><strong>v.</strong></span> 
     </span>
     <span class='ocr_line' id='line_1_23' title="bbox 409 1545 1365 1654; baseline 0.001 -17"><span class='ocrx_word' id='word_1_235' title='bbox 409 1545 470 1638; x_wconf 67' lang='lat' dir='ltr'><strong>iia</strong></span> <span class='ocrx_word' id='word_1_236' title='bbox 486 1590 591 1637; x_wconf 81' lang='lat' dir='ltr'><strong>effer</strong></span> <span class='ocrx_word' id='word_1_237' title='bbox 607 1611 621 1649; x_wconf 83' lang='lat'>3</span> <span class='ocrx_word' id='word_1_238' title='bbox 635 1606 727 1651; x_wconf 90' lang='lat' dir='ltr'><strong>quo</strong></span> <span class='ocrx_word' id='word_1_239' title='bbox 747 1589 865 1638; x_wconf 85' lang='lat' dir='ltr'><strong>sensu</strong></span> <span class='ocrx_word' id='word_1_240' title='bbox 882 1593 1017 1638; x_wconf 87' lang='lat' dir='ltr'><strong>inanis</strong></span> <span class='ocrx_word' id='word_1_241' title='bbox 1037 1590 1184 1637; x_wconf 85' lang='lat' dir='ltr'><strong>fuerat</strong></span> <span class='ocrx_word' id='word_1_242' title='bbox 1200 1591 1365 1654; x_wconf 57' lang='lat' dir='ltr'><strong>pactio.</strong></span> 
     </span>
    </p>

    <p class='ocr_par' dir='ltr' id='par_1_7' title="bbox 408 1651 2300 2215">
     <span class='ocr_line' id='line_1_24' title="bbox 476 1651 2300 1717; baseline 0.001 -18"><span class='ocrx_word' id='word_1_243' title='bbox 476 1651 602 1699; x_wconf 91' lang='lat' dir='ltr'>VII.</span> <span class='ocrx_word' id='word_1_244' title='bbox 636 1656 661 1683; x_wconf 90' lang='grc'>*</span> <span class='ocrx_word' id='word_1_245' title='bbox 697 1652 952 1716; x_wconf 62' lang='lat' dir='ltr'><strong>conjuncta</strong></span> <span class='ocrx_word' id='word_1_246' title='bbox 969 1652 1079 1709; x_wconf 84' lang='lat' dir='ltr'><strong>sunt,</strong></span> <span class='ocrx_word' id='word_1_247' title='bbox 1094 1668 1168 1700; x_wconf 87' lang='lat' dir='ltr'><strong>aut</strong></span> <span class='ocrx_word' id='word_1_248' title='bbox 1187 1655 1376 1717; x_wconf 78' lang='lat' dir='ltr'><strong>origine,</strong></span> <span class='ocrx_word' id='word_1_249' title='bbox 1397 1669 1473 1700; x_wconf 88' lang='lat' dir='ltr'><strong>aut</strong></span> <span class='ocrx_word' id='word_1_250' title='bbox 1492 1654 1629 1700; x_wconf 86' lang='lat' dir='ltr'><strong>etiam</strong></span> <span class='ocrx_word' id='word_1_251' title='bbox 1649 1655 1771 1701; x_wconf 89' lang='lat' dir='ltr'><strong>loco.</strong></span> <span class='ocrx_word' id='word_1_252' title='bbox 1813 1655 2067 1716; x_wconf 62' lang='lat' dir='ltr'><strong>Coniunessa</strong></span> <span class='ocrx_word' id='word_1_253' title='bbox 2091 1663 2300 1713; x_wconf 54' lang='lat' dir='ltr'><strong>herb-rna-</strong></span> 
     </span>
     <span class='ocr_line' id='line_1_25' title="bbox 409 1714 2235 1789; baseline 0.001 -28"><span class='ocrx_word' id='word_1_254' title='bbox 409 1716 587 1777; x_wconf 80' lang='lat' dir='ltr'><strong>origine</strong></span> <span class='ocrx_word' id='word_1_255' title='bbox 603 1714 699 1762; x_wconf 89' lang='lat' dir='ltr'><strong>sunt</strong></span> <span class='ocrx_word' id='word_1_256' title='bbox 716 1732 812 1778; x_wconf 87' lang='lat' dir='ltr'><strong>quae</strong></span> <span class='ocrx_word' id='word_1_257' title='bbox 828 1733 885 1763; x_wconf 74' lang='lat' dir='ltr'><strong>ex</strong></span> <span class='ocrx_word' id='word_1_258' title='bbox 901 1716 1061 1763; x_wconf 87' lang='lat' dir='ltr'><strong>eadem</strong></span> <span class='ocrx_word' id='word_1_259' title='bbox 1072 1716 1302 1762; x_wconf 86' lang='lat' dir='ltr'><strong>voluntate</strong></span> <span class='ocrx_word' id='word_1_260' title='bbox 1320 1716 1654 1777; x_wconf 82' lang='lat' dir='ltr'><strong>proficiscuntur</strong></span> <span class='ocrx_word' id='word_1_261' title='bbox 1676 1755 1687 1772; x_wconf 85' lang='lat'>‚</span> <span class='ocrx_word' id='word_1_262' title='bbox 1703 1719 1871 1764; x_wconf 73' lang='lat' dir='ltr'><strong>etiamsi</strong></span> <span class='ocrx_word' id='word_1_263' title='bbox 1892 1721 1982 1766; x_wconf 85' lang='lat' dir='ltr'><strong>alio</strong></span> <span class='ocrx_word' id='word_1_264' title='bbox 1998 1720 2069 1764; x_wconf 82' lang='lat' dir='ltr'><strong>lo-</strong></span> <span class='ocrx_word' id='word_1_265' title='bbox 2091 1722 2124 1762; x_wconf 65' lang='lat'><strong>5⁰</strong></span> <span class='ocrx_word' id='word_1_266' title='bbox 2135 1722 2235 1789; x_wconf 50' lang='lat'><strong>{3⁶⁰5</strong></span> 
     </span>
     <span class='ocr_line' id='line_1_26' title="bbox 408 1767 2278 1848; baseline 0.001 -24"><span class='ocrx_word' id='word_1_267' title='bbox 408 1793 468 1824; x_wconf 89' lang='lat' dir='ltr'><strong>co</strong></span> <span class='ocrx_word' id='word_1_268' title='bbox 482 1780 530 1824; x_wconf 67' lang='grc' dir='ltr'><strong>δέ</strong></span> <span class='ocrx_word' id='word_1_269' title='bbox 546 1778 781 1824; x_wconf 72' lang='lat' dir='ltr'><strong>occasione</strong></span> <span class='ocrx_word' id='word_1_270' title='bbox 796 1778 927 1832; x_wconf 68' lang='lat' dir='ltr'><strong>dista,</strong></span> <span class='ocrx_word' id='word_1_271' title='bbox 947 1779 1067 1825; x_wconf 89' lang='lat' dir='ltr'><strong>unde</strong></span> <span class='ocrx_word' id='word_1_272' title='bbox 1083 1778 1338 1837; x_wconf 65' lang='lat' dir='ltr'><strong>conjestura</strong></span> <span class='ocrx_word' id='word_1_273' title='bbox 1356 1777 1667 1839; x_wconf 66' lang='lat' dir='ltr'><strong>nascitur-‚quia</strong></span> <span class='ocrx_word' id='word_1_274' title='bbox 1684 1780 1725 1825; x_wconf 90' lang='lat' dir='ltr'><strong>in</strong></span> <span class='ocrx_word' id='word_1_275' title='bbox 1744 1779 1887 1827; x_wconf 86' lang='lat' dir='ltr'><strong>dubio</strong></span> <span class='ocrx_word' id='word_1_276' title='bbox 1907 1781 2068 1828; x_wconf 86' lang='lat' dir='ltr'><strong>volun·</strong></span> <span class='ocrx_word' id='word_1_277' title='bbox 2081 1768 2160 1836; x_wconf 57' lang='lat'><strong>³722,</strong></span> <span class='ocrx_word' id='word_1_278' title='bbox 2172 1767 2278 1848; x_wconf 31' lang='grc' dir='ltr'><strong>(ἐρ’</strong></span> 
     </span>
     <span class='ocr_line' id='line_1_27' title="bbox 409 1839 2067 1901; baseline 0.001 -14"><span class='ocrx_word' id='word_1_279' title='bbox 409 1854 480 1887; x_wconf 90' lang='lat' dir='ltr'><strong>tas</strong></span> <span class='ocrx_word' id='word_1_280' title='bbox 495 1839 695 1886; x_wconf 88' lang='lat' dir='ltr'><strong>creditur</strong></span> <span class='ocrx_word' id='word_1_281' title='bbox 712 1840 786 1887; x_wconf 83' lang='lat' dir='ltr'><strong>fibi</strong></span> <span class='ocrx_word' id='word_1_282' title='bbox 805 1840 929 1888; x_wconf 72' lang='lat' dir='ltr'><strong>fuiss‘e</strong></span> <span class='ocrx_word' id='word_1_283' title='bbox 945 1839 1237 1887; x_wconf 84' lang='lat' dir='ltr'><strong>consentiens.</strong></span> <span class='ocrx_word' id='word_1_284' title='bbox 1254 1839 1327 1887; x_wconf 85' lang='lat' dir='ltr'><strong>Sic</strong></span> <span class='ocrx_word' id='word_1_285' title='bbox 1338 1840 1458 1897; x_wconf 75' lang='lat' dir='ltr'><strong>apud</strong></span> <span class='ocrx_word' id='word_1_286' title='bbox 1477 1839 1735 1887; x_wconf 81' lang='lat' dir='ltr'><strong>Homerum</strong></span> <span class='ocrx_word' id='word_1_287' title='bbox 1755 1844 1878 1901; x_wconf 89' lang='lat' dir='ltr'><strong>quod</strong></span> <span class='ocrx_word' id='word_1_288' title='bbox 1897 1842 2067 1890; x_wconf 68' lang='lat' dir='ltr'><strong>dictum</strong></span> 
     </span>
     <span class='ocr_line' id='line_1_28' title="bbox 411 1901 2067 1967; baseline 0.001 -19"><span class='ocrx_word' id='word_1_289' title='bbox 411 1916 508 1949; x_wconf 85' lang='lat' dir='ltr'><strong>erat</strong></span> <span class='ocrx_word' id='word_1_290' title='bbox 525 1904 637 1949; x_wconf 88' lang='lat' dir='ltr'><strong>inter</strong></span> <span class='ocrx_word' id='word_1_291' title='bbox 655 1901 863 1950; x_wconf 86' lang='lat' dir='ltr'><strong>Paridem</strong></span> <span class='ocrx_word' id='word_1_292' title='bbox 880 1905 928 1951; x_wconf 72' lang='grc' dir='ltr'><strong>δε</strong></span> <span class='ocrx_word' id='word_1_293' title='bbox 943 1903 1222 1958; x_wconf 82' lang='lat' dir='ltr'><strong>Menelaum,</strong></span> <span class='ocrx_word' id='word_1_294' title='bbox 1242 1916 1290 1949; x_wconf 87' lang='lat' dir='ltr'><strong>ut</strong></span> <span class='ocrx_word' id='word_1_295' title='bbox 1303 1902 1463 1948; x_wconf 57' lang='lat' dir='ltr'><strong>vietori</strong></span> <span class='ocrx_word' id='word_1_296' title='bbox 1482 1901 1658 1949; x_wconf 85' lang='lat' dir='ltr'><strong>Helena</strong></span> <span class='ocrx_word' id='word_1_297' title='bbox 1671 1903 1852 1950; x_wconf 83' lang='lat' dir='ltr'><strong>cederet</strong></span> <span class='ocrx_word' id='word_1_298' title='bbox 1874 1944 1884 1960; x_wconf 80' lang='lat'>‚</span> <span class='ocrx_word' id='word_1_299' title='bbox 1904 1921 1961 1951; x_wconf 85' lang='lat' dir='ltr'><strong>ex</strong></span> <span class='ocrx_word' id='word_1_300' title='bbox 1979 1920 2067 1967; x_wconf 88' lang='lat' dir='ltr'><strong>po-</strong></span> 
     </span>
     <span class='ocr_line' id='line_1_29' title="bbox 409 1963 2059 2029; baseline -0.001 -16"><span class='ocrx_word' id='word_1_301' title='bbox 409 1964 666 2013; x_wconf 86' lang='lat' dir='ltr'><strong>sterioribus</strong></span> <span class='ocrx_word' id='word_1_302' title='bbox 682 1966 744 2011; x_wconf 86' lang='lat' dir='ltr'><strong>ita</strong></span> <span class='ocrx_word' id='word_1_303' title='bbox 756 1968 839 2012; x_wconf 86' lang='lat' dir='ltr'><strong>erit</strong></span> <span class='ocrx_word' id='word_1_304' title='bbox 856 1967 1189 2029; x_wconf 81' lang='lat' dir='ltr'><strong>exponendum,</strong></span> <span class='ocrx_word' id='word_1_305' title='bbox 1210 1979 1259 2010; x_wconf 83' lang='lat' dir='ltr'><strong>ut</strong></span> <span class='ocrx_word' id='word_1_306' title='bbox 1275 1964 1423 2010; x_wconf 58' lang='lat' dir='ltr'><strong>vidior</strong></span> <span class='ocrx_word' id='word_1_307' title='bbox 1439 1964 1472 2009; x_wconf 87' lang='lat' dir='ltr'><strong>is</strong></span> <span class='ocrx_word' id='word_1_308' title='bbox 1485 1963 1963 2029; x_wconf 79' lang='lat' dir='ltr'><strong>dernumintelligatur,</strong></span> <span class='ocrx_word' id='word_1_309' title='bbox 1986 1968 2059 2027; x_wconf 87' lang='lat' dir='ltr'><strong>qui</strong></span> 
     </span>
     <span class='ocr_line' id='line_1_30' title="bbox 409 2024 2284 2082; baseline -0.003 -8"><span class='ocrx_word' id='word_1_310' title='bbox 409 2027 603 2074; x_wconf 84' lang='lat' dir='ltr'><strong>alterum</strong></span> <span class='ocrx_word' id='word_1_311' title='bbox 620 2028 856 2078; x_wconf 86' lang='lat' dir='ltr'><strong>occiderit.</strong></span> <span class='ocrx_word' id='word_1_312' title='bbox 887 2027 1131 2075; x_wconf 85' lang='lat' dir='ltr'><strong>Rationem</strong></span> <span class='ocrx_word' id='word_1_313' title='bbox 1166 2026 1317 2072; x_wconf 83' lang='lat' dir='ltr'><strong>reddit</strong></span> <span class='ocrx_word' id='word_1_314' title='bbox 1344 2025 1634 2074; x_wconf 79' lang='lat' dir='ltr'><strong>Plutarchus:</strong></span> <span class='ocrx_word' id='word_1_315' title='bbox 1663 2026 1694 2066; x_wconf 78' lang='grc' dir='ltr'><strong>οἱ</strong></span> <span class='ocrx_word' id='word_1_316' title='bbox 1718 2027 1868 2077; x_wconf 55' lang='lat' dir='ltr'><strong>estnec-504)</strong></span> <span class='ocrx_word' id='word_1_317' title='bbox 1880 2024 2060 2082; x_wconf 61' lang='grc' dir='ltr'><em>ηὸμηδῖν</em></span> <span class='ocrx_word' id='word_1_318' title='bbox 2079 2031 2162 2066; x_wconf 76' lang='lat' dir='ltr'><strong>Plur.</strong></span> <span class='ocrx_word' id='word_1_319' title='bbox 2179 2032 2284 2080; x_wconf 59' lang='grc' dir='ltr'><strong><em>[χωρ.</em></strong></span> 
     </span>
     <span class='ocr_line' id='line_1_31' title="bbox 408 2084 2214 2150; baseline 0.001 -15"><span class='ocrx_word' id='word_1_320' title='bbox 408 2084 737 2145; x_wconf 63' lang='grc' dir='ltr'><strong>ἇμφισὲητῆστμρν</strong></span> <span class='ocrx_word' id='word_1_321' title='bbox 759 2090 853 2150; x_wconf 56' lang='grc' dir='ltr'><strong>’έρρνῖι</strong></span> <span class='ocrx_word' id='word_1_322' title='bbox 878 2090 1124 2141; x_wconf 54' lang='grc' dir='ltr'><strong>πῶς-τίθενται</strong></span> <span class='ocrx_word' id='word_1_323' title='bbox 1149 2090 1191 2129; x_wconf 69' lang='grc' dir='ltr'><strong>τὸ</strong></span> <span class='ocrx_word' id='word_1_324' title='bbox 1213 2087 1618 2146; x_wconf 67' lang='grc' dir='ltr'><strong>ι’·επιφὲς-εςονέοίπωπς</strong></span> <span class='ocrx_word' id='word_1_325' title='bbox 1634 2092 1795 2149; x_wconf 67' lang='lat' dir='ltr'><strong>:judices</strong></span> <span class='ocrx_word' id='word_1_326' title='bbox 1826 2095 2008 2137; x_wconf 77' lang='lat' dir='ltr'><strong>accedunt</strong></span> <span class='ocrx_word' id='word_1_327' title='bbox 2025 2099 2059 2137; x_wconf 79' lang='lat' dir='ltr'><strong>ei</strong></span> <span class='ocrx_word' id='word_1_328' title='bbox 2081 2085 2138 2114; x_wconf 81' lang='lat'><strong>¹¹&#39;</strong></span> <span class='ocrx_word' id='word_1_329' title='bbox 2156 2088 2214 2125; x_wconf 80' lang='lat'><strong>¹³·</strong></span> 
     </span>
     <span class='ocr_line' id='line_1_32' title="bbox 408 2155 1549 2215; baseline -0.004 -18"><span class='ocrx_word' id='word_1_330' title='bbox 408 2156 513 2215; x_wconf 77' lang='lat' dir='ltr'><strong>quod</strong></span> <span class='ocrx_word' id='word_1_331' title='bbox 522 2161 647 2198; x_wconf 72' lang='lat' dir='ltr'><strong>minus</strong></span> <span class='ocrx_word' id='word_1_332' title='bbox 660 2157 881 2214; x_wconf 80' lang='lat' dir='ltr'><strong>ambiguum</strong></span> <span class='ocrx_word' id='word_1_333' title='bbox 895 2157 955 2211; x_wconf 69' lang='lat' dir='ltr'><strong>cst,</strong></span> <span class='ocrx_word' id='word_1_334' title='bbox 975 2158 1095 2212; x_wconf 73' lang='lat' dir='ltr'><em>omtffo</em></span> <span class='ocrx_word' id='word_1_335' title='bbox 1113 2173 1151 2198; x_wconf 83' lang='lat' dir='ltr'><strong>eo</strong></span> <span class='ocrx_word' id='word_1_336' title='bbox 1164 2156 1264 2213; x_wconf 77' lang='lat' dir='ltr'><strong>quod</strong></span> <span class='ocrx_word' id='word_1_337' title='bbox 1278 2155 1328 2208; x_wconf 83' lang='lat' dir='ltr'><strong>est</strong></span> <span class='ocrx_word' id='word_1_338' title='bbox 1351 2155 1549 2209; x_wconf 57' lang='lat' dir='ltr'><strong>obscurius.</strong></span> 
     </span>
    </p>

    <p class='ocr_par' dir='ltr' id='par_1_8' title="bbox 409 2210 2062 2711">
     <span class='ocr_line' id='line_1_33' title="bbox 473 2210 2060 2276; baseline -0.006 -16"><span class='ocrx_word' id='word_1_339' title='bbox 473 2212 516 2260; x_wconf 88' lang='lat' dir='ltr'>V</span> <span class='ocrx_word' id='word_1_340' title='bbox 534 2212 555 2259; x_wconf 91' lang='lat' dir='ltr'>I</span> <span class='ocrx_word' id='word_1_341' title='bbox 573 2213 645 2261; x_wconf 77' lang='lat'><strong>11.</strong></span> <span class='ocrx_word' id='word_1_342' title='bbox 681 2216 802 2262; x_wconf 84' lang='lat' dir='ltr'><strong>Inter</strong></span> <span class='ocrx_word' id='word_1_343' title='bbox 820 2231 874 2264; x_wconf 85' lang='lat' dir='ltr'><strong>ea</strong></span> <span class='ocrx_word' id='word_1_344' title='bbox 889 2232 980 2276; x_wconf 73' lang='lat' dir='ltr'><strong>quae</strong></span> <span class='ocrx_word' id='word_1_345' title='bbox 993 2216 1042 2261; x_wconf 72' lang='grc' dir='ltr'><strong>δε</strong></span> <span class='ocrx_word' id='word_1_346' title='bbox 1057 2214 1164 2260; x_wconf 87' lang='lat' dir='ltr'><strong>loco</strong></span> <span class='ocrx_word' id='word_1_347' title='bbox 1180 2211 1415 2272; x_wconf 63' lang='lat' dir='ltr'><strong>conjunfba</strong></span> <span class='ocrx_word' id='word_1_348' title='bbox 1433 2210 1528 2258; x_wconf 85' lang='lat' dir='ltr'><strong>sunt</strong></span> <span class='ocrx_word' id='word_1_349' title='bbox 1549 2250 1559 2265; x_wconf 67' lang='lat'>,</span> <span class='ocrx_word' id='word_1_350' title='bbox 1583 2212 1675 2256; x_wconf 87' lang='lat' dir='ltr'><strong>vim</strong></span> <span class='ocrx_word' id='word_1_351' title='bbox 1701 2212 1965 2275; x_wconf 63' lang='lat' dir='ltr'><strong>praecipuam</strong></span> <span class='ocrx_word' id='word_1_352' title='bbox 1980 2215 2060 2260; x_wconf 66' lang='lat' dir='ltr'><strong>ha-</strong></span> 
     </span>
     <span class='ocr_line' id='line_1_34' title="bbox 409 2271 2059 2343; baseline -0.001 -21"><span class='ocrx_word' id='word_1_353' title='bbox 409 2275 490 2322; x_wconf 87' lang='lat' dir='ltr'><strong>bet</strong></span> <span class='ocrx_word' id='word_1_354' title='bbox 521 2279 546 2306; x_wconf 92' lang='lat'>*</span> <span class='ocrx_word' id='word_1_355' title='bbox 583 2277 701 2322; x_wconf 84' lang='lat' dir='ltr'><strong>ratio</strong></span> <span class='ocrx_word' id='word_1_356' title='bbox 715 2277 825 2343; x_wconf 77' lang='lat' dir='ltr'><strong>legis</strong></span> <span class='ocrx_word' id='word_1_357' title='bbox 840 2317 851 2333; x_wconf 83' lang='lat'>,</span> <span class='ocrx_word' id='word_1_358' title='bbox 868 2294 1002 2340; x_wconf 83' lang='lat' dir='ltr'><strong>quam</strong></span> <span class='ocrx_word' id='word_1_359' title='bbox 1030 2293 1134 2323; x_wconf 86' lang='lat' dir='ltr'><strong>cum</strong></span> <span class='ocrx_word' id='word_1_360' title='bbox 1154 2290 1302 2321; x_wconf 84' lang='lat' dir='ltr'><strong>mente</strong></span> <span class='ocrx_word' id='word_1_361' title='bbox 1320 2273 1447 2320; x_wconf 83' lang='lat' dir='ltr'><strong>multi</strong></span> <span class='ocrx_word' id='word_1_362' title='bbox 1474 2271 1755 2319; x_wconf 85' lang='lat' dir='ltr'><strong>confundunt</strong></span> <span class='ocrx_word' id='word_1_363' title='bbox 1770 2312 1780 2330; x_wconf 80' lang='lat'>‚</span> <span class='ocrx_word' id='word_1_364' title='bbox 1804 2289 1905 2319; x_wconf 89' lang='lat' dir='ltr'><strong>cum</strong></span> <span class='ocrx_word' id='word_1_365' title='bbox 1922 2292 2059 2321; x_wconf 88' lang='lat' dir='ltr'><strong>unum</strong></span> 
     </span>
     <span class='ocr_line' id='line_1_35' title="bbox 409 2335 2062 2403; baseline 0 -19"><span class='ocrx_word' id='word_1_366' title='bbox 409 2337 464 2384; x_wconf 85' lang='lat' dir='ltr'><strong>fit</strong></span> <span class='ocrx_word' id='word_1_367' title='bbox 480 2353 538 2384; x_wconf 83' lang='lat' dir='ltr'><strong>ex</strong></span> <span class='ocrx_word' id='word_1_368' title='bbox 554 2337 731 2384; x_wconf 81' lang='lat' dir='ltr'><strong>indiciis</strong></span> <span class='ocrx_word' id='word_1_369' title='bbox 746 2339 906 2403; x_wconf 87' lang='lat' dir='ltr'><strong>quibus</strong></span> <span class='ocrx_word' id='word_1_370' title='bbox 921 2354 1120 2386; x_wconf 85' lang='lat' dir='ltr'><strong>mentem</strong></span> <span class='ocrx_word' id='word_1_371' title='bbox 1135 2352 1362 2384; x_wconf 84' lang='lat' dir='ltr'><strong>venamur.</strong></span> <span class='ocrx_word' id='word_1_372' title='bbox 1392 2335 1463 2381; x_wconf 85' lang='lat' dir='ltr'><strong>Est</strong></span> <span class='ocrx_word' id='word_1_373' title='bbox 1475 2350 1624 2383; x_wconf 86' lang='lat' dir='ltr'><strong>tamen</strong></span> <span class='ocrx_word' id='word_1_374' title='bbox 1639 2335 1755 2380; x_wconf 85' lang='lat' dir='ltr'><strong>inter</strong></span> <span class='ocrx_word' id='word_1_375' title='bbox 1782 2336 2062 2394; x_wconf 50' lang='lat' dir='ltr'><strong>conjeeffiuras</strong></span> 
     </span>
     <span class='ocr_line' id='line_1_36' title="bbox 409 2397 2060 2462; baseline -0.002 -15"><span class='ocrx_word' id='word_1_376' title='bbox 409 2401 502 2447; x_wconf 76' lang='lat' dir='ltr'><strong>haec</strong></span> <span class='ocrx_word' id='word_1_377' title='bbox 521 2399 787 2447; x_wconf 86' lang='lat' dir='ltr'><strong>validiffirna</strong></span> <span class='ocrx_word' id='word_1_378' title='bbox 806 2439 818 2456; x_wconf 77' lang='lat'>,</span> <span class='ocrx_word' id='word_1_379' title='bbox 839 2401 870 2449; x_wconf 82' lang='lat' dir='ltr'>fi</span> <span class='ocrx_word' id='word_1_380' title='bbox 887 2417 1013 2448; x_wconf 86' lang='lat' dir='ltr'><strong>certo</strong></span> <span class='ocrx_word' id='word_1_381' title='bbox 1025 2400 1193 2447; x_wconf 85' lang='lat' dir='ltr'><strong>constet</strong></span> <span class='ocrx_word' id='word_1_382' title='bbox 1209 2400 1352 2462; x_wconf 83' lang='lat' dir='ltr'><strong>aliqua</strong></span> <span class='ocrx_word' id='word_1_383' title='bbox 1365 2400 1539 2444; x_wconf 82' lang='lat' dir='ltr'><strong>ratione</strong></span> <span class='ocrx_word' id='word_1_384' title='bbox 1554 2411 1762 2457; x_wconf 84' lang='lat' dir='ltr'><strong>tanquam</strong></span> <span class='ocrx_word' id='word_1_385' title='bbox 1780 2397 1904 2443; x_wconf 86' lang='lat' dir='ltr'><strong>causa</strong></span> <span class='ocrx_word' id='word_1_386' title='bbox 1934 2401 2060 2445; x_wconf 81' lang='lat' dir='ltr'><strong>unica</strong></span> 
     </span>
     <span class='ocr_line' id='line_1_37' title="bbox 410 2458 2058 2524; baseline -0.002 -13"><span class='ocrx_word' id='word_1_387' title='bbox 410 2463 696 2512; x_wconf 84' lang='lat' dir='ltr'><strong>voluntatem</strong></span> <span class='ocrx_word' id='word_1_388' title='bbox 709 2461 833 2510; x_wconf 72' lang='lat' dir='ltr'><strong>fuisse</strong></span> <span class='ocrx_word' id='word_1_389' title='bbox 846 2478 1040 2511; x_wconf 79' lang='lat' dir='ltr'><strong>motam.</strong></span> <span class='ocrx_word' id='word_1_390' title='bbox 1057 2479 1158 2509; x_wconf 85' lang='lat' dir='ltr'><strong>nam</strong></span> <span class='ocrx_word' id='word_1_391' title='bbox 1182 2463 1288 2524; x_wconf 69' lang='lat' dir='ltr'><strong>saepe</strong></span> <span class='ocrx_word' id='word_1_392' title='bbox 1306 2462 1503 2509; x_wconf 80' lang='lat' dir='ltr'><strong>rationes</strong></span> <span class='ocrx_word' id='word_1_393' title='bbox 1521 2459 1615 2506; x_wconf 80' lang='lat' dir='ltr'><strong>sunt</strong></span> <span class='ocrx_word' id='word_1_394' title='bbox 1627 2458 1800 2520; x_wconf 85' lang='lat' dir='ltr'><strong>plures:</strong></span> <span class='ocrx_word' id='word_1_395' title='bbox 1829 2459 2058 2507; x_wconf 79' lang='lat' dir='ltr'><strong>interdum</strong></span> 
     </span>
     <span class='ocr_line' id='line_1_38' title="bbox 410 2519 2044 2588; baseline -0.003 -15"><span class='ocrx_word' id='word_1_396' title='bbox 410 2527 461 2573; x_wconf 71' lang='grc' dir='ltr'><strong>δε</strong></span> <span class='ocrx_word' id='word_1_397' title='bbox 475 2539 635 2588; x_wconf 85' lang='lat' dir='ltr'><strong>praeter</strong></span> <span class='ocrx_word' id='word_1_398' title='bbox 651 2526 875 2571; x_wconf 86' lang='lat' dir='ltr'><strong>rationem</strong></span> <span class='ocrx_word' id='word_1_399' title='bbox 891 2526 1098 2572; x_wconf 83' lang='lat' dir='ltr'><strong>voluntas</strong></span> <span class='ocrx_word' id='word_1_400' title='bbox 1111 2523 1248 2570; x_wconf 83' lang='lat' dir='ltr'><strong>semet</strong></span> <span class='ocrx_word' id='word_1_401' title='bbox 1282 2541 1338 2570; x_wconf 80' lang='lat' dir='ltr'><strong>ex</strong></span> <span class='ocrx_word' id='word_1_402' title='bbox 1370 2524 1412 2569; x_wconf 89' lang='lat' dir='ltr'><strong>vi</strong></span> <span class='ocrx_word' id='word_1_403' title='bbox 1431 2521 1645 2568; x_wconf 82' lang='lat' dir='ltr'><strong>libertatis</strong></span> <span class='ocrx_word' id='word_1_404' title='bbox 1663 2519 1739 2567; x_wconf 80' lang='lat' dir='ltr'><strong>suae</strong></span> <span class='ocrx_word' id='word_1_405' title='bbox 1756 2521 2044 2574; x_wconf 82' lang='lat' dir='ltr'><strong>determinat,</strong></span> 
     </span>
     <span class='ocr_line' id='line_1_39' title="bbox 410 2582 2056 2650; baseline -0.002 -16"><span class='ocrx_word' id='word_1_406' title='bbox 410 2586 538 2650; x_wconf 90' lang='lat' dir='ltr'><strong>quod</strong></span> <span class='ocrx_word' id='word_1_407' title='bbox 553 2585 606 2633; x_wconf 84' lang='lat' dir='ltr'><strong>ad</strong></span> <span class='ocrx_word' id='word_1_408' title='bbox 627 2586 953 2650; x_wconf 81' lang='lat' dir='ltr'><strong>obligationem</strong></span> <span class='ocrx_word' id='word_1_409' title='bbox 968 2586 1306 2648; x_wconf 80' lang='lat' dir='ltr'><strong>producendam</strong></span> <span class='ocrx_word' id='word_1_410' title='bbox 1321 2584 1491 2632; x_wconf 84' lang='lat' dir='ltr'><strong>sufficit.</strong></span> <span class='ocrx_word' id='word_1_411' title='bbox 1506 2583 1612 2629; x_wconf 88' lang='lat' dir='ltr'><strong>Hoc</strong></span> <span class='ocrx_word' id='word_1_412' title='bbox 1627 2582 1770 2628; x_wconf 87' lang='lat' dir='ltr'><strong>modo</strong></span> <span class='ocrx_word' id='word_1_413' title='bbox 1787 2583 1974 2630; x_wconf 85' lang='lat' dir='ltr'><strong>donatio</strong></span> <span class='ocrx_word' id='word_1_414' title='bbox 1993 2584 2056 2632; x_wconf 84' lang='lat' dir='ltr'><strong>ob</strong></span> 
     </span>
     <span class='ocr_line' id='line_1_40' title="bbox 409 2645 1776 2711; baseline -0.005 -14"><span class='ocrx_word' id='word_1_415' title='bbox 409 2667 471 2697; x_wconf 88' lang='lat' dir='ltr'><strong>nu</strong></span> <span class='ocrx_word' id='word_1_416' title='bbox 506 2648 589 2694; x_wconf 81' lang='lat' dir='ltr'><strong>tias</strong></span> <span class='ocrx_word' id='word_1_417' title='bbox 606 2647 738 2703; x_wconf 61' lang='lat' dir='ltr'><strong>facta,</strong></span> <span class='ocrx_word' id='word_1_418' title='bbox 758 2650 851 2696; x_wconf 89' lang='lat' dir='ltr'><strong>vim</strong></span> <span class='ocrx_word' id='word_1_419' title='bbox 867 2666 957 2697; x_wconf 89' lang='lat' dir='ltr'><strong>non</strong></span> <span class='ocrx_word' id='word_1_420' title='bbox 970 2648 1168 2701; x_wconf 80' lang='lat' dir='ltr'><strong>habebit,</strong></span> <span class='ocrx_word' id='word_1_421' title='bbox 1185 2649 1214 2694; x_wconf 85' lang='lat' dir='ltr'>fi</span> <span class='ocrx_word' id='word_1_422' title='bbox 1231 2648 1390 2711; x_wconf 81' lang='lat' dir='ltr'><strong>nuptiae</strong></span> <span class='ocrx_word' id='word_1_423' title='bbox 1407 2646 1558 2692; x_wconf 80' lang='lat' dir='ltr'><strong>secutae</strong></span> <span class='ocrx_word' id='word_1_424' title='bbox 1573 2661 1661 2691; x_wconf 89' lang='lat' dir='ltr'><strong>non</strong></span> <span class='ocrx_word' id='word_1_425' title='bbox 1675 2645 1776 2691; x_wconf 74' lang='lat' dir='ltr'><strong>lint.</strong></span> 
     </span>
    </p>

    <p class='ocr_par' dir='ltr' id='par_1_9' title="bbox 408 2666 2054 3209">
     <span class='ocr_line' id='line_1_41' title="bbox 472 2666 2054 2770; baseline -0.002 -12"><span class='ocrx_word' id='word_1_426' title='bbox 472 2666 581 2758; x_wconf 47' lang='lat' dir='ltr'><strong>¹IDX.</strong></span> <span class='ocrx_word' id='word_1_427' title='bbox 615 2709 843 2757; x_wconf 67' lang='lat' dir='ltr'><strong>Caeterum</strong></span> <span class='ocrx_word' id='word_1_428' title='bbox 861 2712 1085 2759; x_wconf 86' lang='lat' dir='ltr'><strong>sciendum</strong></span> <span class='ocrx_word' id='word_1_429' title='bbox 1115 2710 1177 2756; x_wconf 87' lang='lat' dir='ltr'><strong>est</strong></span> <span class='ocrx_word' id='word_1_430' title='bbox 1196 2722 1332 2757; x_wconf 80' lang='lat' dir='ltr'><strong>voces</strong></span> <span class='ocrx_word' id='word_1_431' title='bbox 1348 2708 1506 2755; x_wconf 86' lang='lat' dir='ltr'><strong>multas</strong></span> <span class='ocrx_word' id='word_1_432' title='bbox 1530 2706 1694 2753; x_wconf 87' lang='lat' dir='ltr'><strong>habere</strong></span> <span class='ocrx_word' id='word_1_433' title='bbox 1716 2707 2054 2770; x_wconf 76' lang='lat' dir='ltr'><strong>significationes</strong></span> 
     </span>
     <span class='ocr_line' id='line_1_42' title="bbox 409 2767 2052 2837; baseline -0.001 -18"><span class='ocrx_word' id='word_1_434' title='bbox 409 2773 572 2837; x_wconf 86' lang='lat' dir='ltr'><strong>plures,</strong></span> <span class='ocrx_word' id='word_1_435' title='bbox 591 2773 778 2819; x_wconf 82' lang='lat' dir='ltr'><strong>alteram</strong></span> <span class='ocrx_word' id='word_1_436' title='bbox 795 2773 1074 2828; x_wconf 61' lang='lat' dir='ltr'><strong>strictiorem,</strong></span> <span class='ocrx_word' id='word_1_437' title='bbox 1094 2773 1281 2819; x_wconf 85' lang='lat' dir='ltr'><strong>alteram</strong></span> <span class='ocrx_word' id='word_1_438' title='bbox 1294 2773 1538 2825; x_wconf 77' lang='lat' dir='ltr'><strong>laxiorem3</strong></span> <span class='ocrx_word' id='word_1_439' title='bbox 1570 2767 1693 2830; x_wconf 86' lang='lat' dir='ltr'><strong>quod</strong></span> <span class='ocrx_word' id='word_1_440' title='bbox 1710 2768 1862 2815; x_wconf 84' lang='lat' dir='ltr'><strong>multis</strong></span> <span class='ocrx_word' id='word_1_441' title='bbox 1880 2787 1935 2815; x_wconf 77' lang='lat' dir='ltr'><strong>ex</strong></span> <span class='ocrx_word' id='word_1_442' title='bbox 1947 2786 2052 2817; x_wconf 81' lang='lat' dir='ltr'><strong>eau-</strong></span> 
     </span>
     <span class='ocr_line' id='line_1_43' title="bbox 409 2830 2051 2900; baseline -0.005 -15"><span class='ocrx_word' id='word_1_443' title='bbox 409 2835 463 2885; x_wconf 77' lang='lat' dir='ltr'><strong>sls</strong></span> <span class='ocrx_word' id='word_1_444' title='bbox 481 2836 647 2890; x_wconf 89' lang='lat' dir='ltr'><strong>evenit,</strong></span> <span class='ocrx_word' id='word_1_445' title='bbox 666 2850 741 2881; x_wconf 83' lang='lat' dir='ltr'><strong>aut</strong></span> <span class='ocrx_word' id='word_1_446' title='bbox 758 2838 861 2896; x_wconf 89' lang='lat' dir='ltr'><strong>quia</strong></span> <span class='ocrx_word' id='word_1_447' title='bbox 876 2836 1118 2900; x_wconf 85' lang='lat' dir='ltr'><strong>specierum</strong></span> <span class='ocrx_word' id='word_1_448' title='bbox 1129 2837 1202 2881; x_wconf 90' lang='lat' dir='ltr'><strong>uni</strong></span> <span class='ocrx_word' id='word_1_449' title='bbox 1219 2850 1385 2881; x_wconf 87' lang='lat' dir='ltr'><strong>nomen</strong></span> <span class='ocrx_word' id='word_1_450' title='bbox 1401 2833 1574 2897; x_wconf 82' lang='lat' dir='ltr'><strong>generis</strong></span> <span class='ocrx_word' id='word_1_451' title='bbox 1592 2830 1782 2876; x_wconf 75' lang='lat' dir='ltr'><strong>adhaeret</strong></span> <span class='ocrx_word' id='word_1_452' title='bbox 1801 2868 1812 2885; x_wconf 89' lang='lat'>‚</span> <span class='ocrx_word' id='word_1_453' title='bbox 1846 2846 1895 2876; x_wconf 84' lang='lat' dir='ltr'><strong>ut</strong></span> <span class='ocrx_word' id='word_1_454' title='bbox 1909 2833 1952 2876; x_wconf 87' lang='lat' dir='ltr'><strong>in</strong></span> <span class='ocrx_word' id='word_1_455' title='bbox 1969 2848 2051 2877; x_wconf 75' lang='lat' dir='ltr'><strong>vo·</strong></span> 
     </span>
     <span class='ocr_line' id='line_1_44' title="bbox 408 2891 2047 2961; baseline -0.002 -17"><span class='ocrx_word' id='word_1_456' title='bbox 408 2896 535 2944; x_wconf 84' lang='lat' dir='ltr'><strong>cibus</strong></span> <span class='ocrx_word' id='word_1_457' title='bbox 548 2899 829 2961; x_wconf 79' lang='lat' dir='ltr'><strong>cognationis</strong></span> <span class='ocrx_word' id='word_1_458' title='bbox 845 2900 892 2944; x_wconf 84' lang='lat'>&amp;</span> <span class='ocrx_word' id='word_1_459' title='bbox 905 2898 1163 2959; x_wconf 84' lang='lat' dir='ltr'><strong>adoptionis</strong></span> <span class='ocrx_word' id='word_1_460' title='bbox 1182 2936 1192 2951; x_wconf 87' lang='lat'>,</span> <span class='ocrx_word' id='word_1_461' title='bbox 1213 2899 1322 2943; x_wconf 89' lang='lat' dir='ltr'><strong>item</strong></span> <span class='ocrx_word' id='word_1_462' title='bbox 1349 2897 1393 2941; x_wconf 84' lang='lat' dir='ltr'><strong>in</strong></span> <span class='ocrx_word' id='word_1_463' title='bbox 1407 2892 1655 2940; x_wconf 83' lang='lat' dir='ltr'><strong>nominibus</strong></span> <span class='ocrx_word' id='word_1_464' title='bbox 1682 2891 1926 2938; x_wconf 83' lang='lat' dir='ltr'><strong>masculinis</strong></span> <span class='ocrx_word' id='word_1_465' title='bbox 1952 2909 2047 2954; x_wconf 80' lang='lat' dir='ltr'><strong>quae</strong></span> 
     </span>
     <span class='ocr_line' id='line_1_45' title="bbox 409 2954 2045 3020; baseline -0.003 -14"><span class='ocrx_word' id='word_1_466' title='bbox 409 2962 545 3006; x_wconf 84' lang='lat' dir='ltr'><strong>etiam</strong></span> <span class='ocrx_word' id='word_1_467' title='bbox 579 2974 662 3020; x_wconf 82' lang='lat' dir='ltr'><strong>pro</strong></span> <span class='ocrx_word' id='word_1_468' title='bbox 694 2961 1008 3008; x_wconf 82' lang='lat' dir='ltr'><strong>communibus</strong></span> <span class='ocrx_word' id='word_1_469' title='bbox 1040 2958 1151 3005; x_wconf 85' lang='lat' dir='ltr'><strong>sumi</strong></span> <span class='ocrx_word' id='word_1_470' title='bbox 1174 2959 1317 3005; x_wconf 88' lang='lat' dir='ltr'><strong>solent</strong></span> <span class='ocrx_word' id='word_1_471' title='bbox 1339 2958 1415 3003; x_wconf 88' lang='lat' dir='ltr'><strong>ubi</strong></span> <span class='ocrx_word' id='word_1_472' title='bbox 1442 2954 1596 3003; x_wconf 78' lang='lat' dir='ltr'><strong>desunt</strong></span> <span class='ocrx_word' id='word_1_473' title='bbox 1644 2956 1900 3001; x_wconf 86' lang='lat' dir='ltr'><strong>communia</strong></span> <span class='ocrx_word' id='word_1_474' title='bbox 1920 2993 1930 3009; x_wconf 88' lang='lat'>‚</span> <span class='ocrx_word' id='word_1_475' title='bbox 1967 2970 2045 3002; x_wconf 85' lang='lat' dir='ltr'><strong>aut</strong></span> 
     </span>
     <span class='ocr_line' id='line_1_46' title="bbox 410 3015 2045 3085; baseline -0.004 -17"><span class='ocrx_word' id='word_1_476' title='bbox 410 3023 516 3084; x_wconf 88' lang='lat' dir='ltr'><strong>quia</strong></span> <span class='ocrx_word' id='word_1_477' title='bbox 548 3020 645 3067; x_wconf 89' lang='lat' dir='ltr'><strong>usus</strong></span> <span class='ocrx_word' id='word_1_478' title='bbox 674 3023 781 3066; x_wconf 83' lang='lat' dir='ltr'><strong>artis</strong></span> <span class='ocrx_word' id='word_1_479' title='bbox 812 3022 941 3069; x_wconf 86' lang='lat' dir='ltr'><strong>latius</strong></span> <span class='ocrx_word' id='word_1_480' title='bbox 956 3035 1078 3085; x_wconf 84' lang='lat' dir='ltr'><strong>patet</strong></span> <span class='ocrx_word' id='word_1_481' title='bbox 1095 3038 1228 3083; x_wconf 89' lang='lat' dir='ltr'><strong>quam</strong></span> <span class='ocrx_word' id='word_1_482' title='bbox 1251 3021 1347 3067; x_wconf 77' lang='lat' dir='ltr'><strong>usus</strong></span> <span class='ocrx_word' id='word_1_483' title='bbox 1363 3018 1585 3083; x_wconf 80' lang='lat' dir='ltr'><strong>popularis</strong></span> <span class='ocrx_word' id='word_1_484' title='bbox 1601 3053 1612 3066; x_wconf 91' lang='lat'><em>,</em></span> <span class='ocrx_word' id='word_1_485' title='bbox 1630 3031 1678 3063; x_wconf 90' lang='lat' dir='ltr'><strong>ut</strong></span> <span class='ocrx_word' id='word_1_486' title='bbox 1699 3015 1724 3041; x_wconf 74' lang='lat'><strong>’¹‘</strong></span> <span class='ocrx_word' id='word_1_487' title='bbox 1760 3031 1885 3063; x_wconf 84' lang='lat' dir='ltr'><strong>mors</strong></span> <span class='ocrx_word' id='word_1_488' title='bbox 1915 3019 1959 3062; x_wconf 88' lang='lat' dir='ltr'><strong>in</strong></span> <span class='ocrx_word' id='word_1_489' title='bbox 1976 3033 2045 3071; x_wconf 66' lang='lat' dir='ltr'><strong>iu-</strong></span> 
     </span>
     <span class='ocr_line' id='line_1_47' title="bbox 410 3077 2045 3147; baseline -0.005 -16"><span class='ocrx_word' id='word_1_490' title='bbox 410 3100 461 3131; x_wconf 84' lang='lat' dir='ltr'><strong>re</strong></span> <span class='ocrx_word' id='word_1_491' title='bbox 492 3084 612 3129; x_wconf 86' lang='lat' dir='ltr'><strong>civili</strong></span> <span class='ocrx_word' id='word_1_492' title='bbox 644 3084 702 3129; x_wconf 89' lang='lat' dir='ltr'><strong>ad</strong></span> <span class='ocrx_word' id='word_1_493' title='bbox 716 3082 1079 3145; x_wconf 87' lang='lat' dir='ltr'><strong>deportationem</strong></span> <span class='ocrx_word' id='word_1_494' title='bbox 1107 3083 1375 3147; x_wconf 84' lang='lat' dir='ltr'><strong>producitur</strong></span> <span class='ocrx_word' id='word_1_495' title='bbox 1391 3120 1403 3138; x_wconf 85' lang='lat'>,</span> <span class='ocrx_word' id='word_1_496' title='bbox 1432 3096 1533 3128; x_wconf 85' lang='lat' dir='ltr'><strong>cum</strong></span> <span class='ocrx_word' id='word_1_497' title='bbox 1552 3077 1669 3143; x_wconf 78' lang='lat' dir='ltr'><strong>apud</strong></span> <span class='ocrx_word' id='word_1_498' title='bbox 1691 3078 1906 3141; x_wconf 86' lang='lat' dir='ltr'><strong>populum</strong></span> <span class='ocrx_word' id='word_1_499' title='bbox 1924 3078 2045 3125; x_wconf 82' lang='lat' dir='ltr'><strong>aliud</strong></span> 
     </span>
     <span class='ocr_line' id='line_1_48' title="bbox 409 3145 637 3209; baseline -0.026 -13"><span class='ocrx_word' id='word_1_500' title='bbox 409 3145 637 3209; x_wconf 68' lang='lat' dir='ltr'><strong>significet.</strong></span> 
     </span>
    </p>

    <p class='ocr_par' dir='ltr' id='par_1_10' title="bbox 473 3202 2047 3318">
     <span class='ocr_line' id='line_1_49' title="bbox 473 3202 2047 3318; baseline -0.008 -59"><span class='ocrx_word' id='word_1_501' title='bbox 473 3208 537 3259; x_wconf 84' lang='lat' dir='ltr'><strong>X.</strong></span> <span class='ocrx_word' id='word_1_502' title='bbox 574 3207 718 3256; x_wconf 85' lang='lat' dir='ltr'><strong>Simul</strong></span> <span class='ocrx_word' id='word_1_503' title='bbox 733 3206 981 3259; x_wconf 83' lang='lat' dir='ltr'><strong>notandum</strong></span> <span class='ocrx_word' id='word_1_504' title='bbox 996 3207 1058 3258; x_wconf 84' lang='lat' dir='ltr'><strong>est</strong></span> <span class='ocrx_word' id='word_1_505' title='bbox 1072 3222 1231 3256; x_wconf 85' lang='lat' dir='ltr'><strong>eorum</strong></span> <span class='ocrx_word' id='word_1_506' title='bbox 1248 3223 1356 3318; x_wconf 64' lang='lat' dir='ltr'><strong>qua&gt;S</strong></span> <span class='ocrx_word' id='word_1_507' title='bbox 1357 3206 1677 3270; x_wconf 84' lang='lat' dir='ltr'><strong>promittuntur</strong></span> <span class='ocrx_word' id='word_1_508' title='bbox 1692 3239 1704 3261; x_wconf 89' lang='lat'>‚</span> <span class='ocrx_word' id='word_1_509' title='bbox 1720 3203 1805 3252; x_wconf 84' lang='lat' dir='ltr'><strong>alia</strong></span> <span class='ocrx_word' id='word_1_510' title='bbox 1817 3202 1902 3251; x_wconf 79' lang='lat' dir='ltr'><strong>effe</strong></span> <span class='ocrx_word' id='word_1_511' title='bbox 1915 3202 2047 3312; x_wconf 52' lang='grc' dir='ltr'>1(ξὲἰο-</span> 
     </span>
    </p>

    <p class='ocr_par' dir='ltr' id='par_1_11' title="bbox 1392 3280 2046 3338">
     <span class='ocr_line' id='line_1_50' title="bbox 1392 3280 2046 3338; baseline -0.003 -24"><span class='ocrx_word' id='word_1_512' title='bbox 1392 3284 1418 3338; x_wconf 82' lang='lat'>3</span> <span class='ocrx_word' id='word_1_513' title='bbox 1877 3281 1926 3313; x_wconf 83' lang='lat' dir='ltr'><strong>ra</strong></span> <span class='ocrx_word' id='word_1_514' title='bbox 2003 3280 2046 3318; x_wconf 72' lang='lat' dir='ltr'><strong>a,</strong></span> 
     </span>
    </p>
   </div>
  </div>
 </body>
</html>
