2475 3854
823 310 1740 357 ncrnc1S‚r.18.r.
2045 319 2094 361 ς]

444 373 509 422 ita
520 386 572 423 ut
589 373 630 421 ei
644 388 772 440 reges
790 377 966 437 quoties
990 377 1182 440 imperio
1199 377 1277 424 suo
1295 381 1412 425 male
1429 393 1612 426 utuntur
1631 417 1643 434 ,
1657 380 1704 425 &
1719 394 1931 426 coercere
1949 379 1998 427 δε
2015 396 2095 443 pu-

445 438 542 483 nire
556 437 686 483 liceat
704 454 716 485 :
731 453 824 500 quae
838 435 1053 486 sententia
1070 454 1183 501 quot
1203 441 1330 487 malis
1354 441 1525 488 causam
1537 441 1729 497 dederit,
1746 444 1794 488 δε
1806 442 1914 488 dare
1931 445 2095 490 etiam-

445 515 554 546 num
571 498 708 562 poffit
721 536 731 550 ,
760 500 936 560 penitus
955 503 1115 548 animis
1131 517 1309 563 recepta
1330 542 1341 560 ,
1360 519 1494 549 nemo
1521 503 1686 567 sapiens
1705 520 1793 551 non
1817 505 1954 554 videt.
1987 505 2093 553 Nos

445 559 515 607 his
529 563 803 625 argumentis
818 577 919 609 eam
935 561 1198 612 refutamus.
1233 565 1362 612 Licet
1378 567 1550 614 homini
1570 568 1727 628 cuique
1743 565 1784 612 se
1801 567 1843 612 in
1868 569 2088 629 privatam
2111 587 2172 619 Ex.
2188 589 2313 625 τιμᾶ.

445 620 709 671 servitutem
734 624 807 670 cui
825 626 933 672 velit
955 624 1186 681 addicere,
1206 641 1255 673 ut
1272 629 1320 673 &
1342 628 1513 690 exlege
1529 627 1720 675 Hebraea
1736 631 1782 673 δε
1795 628 1999 675 Romana
2017 645 2090 690 ap·
2111 635 2318 681 Instat-deju-

444 699 589 747 paret.
617 684 771 748 quidni
786 700 900 752 ergo
915 688 1087 752 populo
1111 687 1171 734 sui
1187 689 1293 747 juris
1308 689 1437 736 liceat
1465 689 1508 737 se
1524 692 1596 737 uni
1614 691 1804 753 cuipiam
1823 729 1835 746 ‚
1857 705 1931 739 aut
1950 693 2089 754 pluri-
2107 682 2271 762 {ff‘ff'fi‘

444 749 530 794 bus
545 748 612 794 ita
628 748 840 795 addicere
855 787 868 806 ‚
888 764 938 796 ut
955 749 1139 814 regendi
1156 750 1218 796 sui
1233 753 1303 811 jus
1319 753 1363 797 in
1375 768 1477 801 eum
1507 755 1637 814 plane
1661 753 1918 799 transcribat
1937 791 1948 808 ,
1968 753 2083 800 nulla
2099 740 2203 808 ,εἷς
2214 741 2232 760 ”
2246 749 2273 761 ’“

442 811 542 870 ejus
571 811 678 870 juris
703 824 831 875 parte
855 813 1066 860 retenta?
1097 809 1264 874 Neque
1280 813 1446 860 dixeris
1462 815 1644 859 minime
1677 813 1722 859 id
1747 815 1943 878 praesumi
1963 831 2082 861 :non
2102 821 2287 858 Gestaba-

443 872 566 918 enirn
580 873 678 934 jam
725 874 942 926 uaerimus,
959 874 1068 937 quid
1084 875 1129 920 in
1144 874 1283 922 dubio
1296 875 1643 937 praesumendum
1661 874 1735 922 fit:
1763 879 1786 905 *
1805 873 1880 922 sed
1898 876 2001 937 quid
2015 879 2086 937 ju·
2105 877 2182 912 ⁶·7·

441 949 496 983 te
509 934 604 981 fieri
618 950 680 998 po
699 948 702 952 ’
719 950 770 982 1t.
812 935 985 983 Frustra
1002 953 1182 999 quoque
1210 937 1450 984 afferuntur
1465 936 1759 984 incommoda
1786 954 1878 999 quae
1904 939 2003 984 hinc
2021 938 2086 985 se-

444 1011 640 1059 quantur
655 1036 668 1055 ,
693 1011 770 1045 aut
787 996 906 1061 sequi
931 999 1113 1060 poffim.
1146 1015 1252 1045 nam
1270 1000 1638 1062 qualemcumque
1657 997 1854 1044 formam
1869 998 2089 1063 guberna·

442 1059 584 1106 tionis
599 1062 753 1107 animo
770 1060 948 1107 finxeris
965 1099 976 1117 ‚
997 1077 1217 1124 nunquam
1234 1060 1538 1107 incommodis
1565 1075 1640 1107 aut
1671 1061 1874 1121 periculis
1901 1061 2088 1108 carebis.

442 1129 533 1168 Aut
547 1125 621 1169 hac
628 1137 715 1169 tum
729 1126 802 1168 illis
806 1125 901 1182 sunt
916 1126 1104 1179 habenda,
1115 1128 1137 1153 *
1156 1139 1228 1169 aut
1240 1126 1305 1169 illa
1320 1143 1402 1169 cum
1413 1128 1469 1170 his
1488 1126 1680 1169 mittenda
1688 1124 1865 1180 sunt,ait
1886 1120 2081 1169 Comoe·

441 1181 536 1230 dia.
567 1181 695 1232 Sicut
710 1198 861 1230 autem
878 1185 1020 1232 multa
1049 1185 1145 1233 sunt
1177 1184 1356 1232 vivendi
1387 1200 1551 1250 genera
1569 1220 1580 1235 ‚
1601 1183 1789 1230 alterum
1819 1184 1959 1230 altero
2008 1200 2087 1232 rae-

442 1245 623 1294 stantius
640 1285 653 1304 ‚
670 1247 721 1293 &
735 1247 897 1309 cuique
928 1246 1120 1294 liberum
1144 1245 1203 1293 est
1219 1263 1275 1293 ex
1290 1261 1362 1293 tot
1378 1246 1608 1311 generibus
1625 1245 1671 1292 id
1688 1246 1852 1309 eligere
1867 1262 1956 1308 quo
2008 1246 2084 1308 ipsi

441 1307 593 1372 placet
609 1328 626 1368 3
641 1310 703 1356 ita
718 1309 768 1355 &
782 1308 973 1372 populus
990 1311 1155 1374 eligere
1170 1309 1315 1371 potest
1335 1310 1511 1371 qualem
1523 1309 1618 1355 vult
1636 1307 1967 1372 gubernationis
1985 1306 2084 1354 for-

442 1386 569 1419 mam
588 1386 760 1434 :neque
775 1385 832 1417 ex
848 1371 1088 1434 praestantia
1101 1373 1235 1431 hujus
1246 1386 1322 1418 aut
1342 1372 1456 1419 illius
1473 1369 1630 1417 formae
1645 1409 1655 1426 ,
1675 1386 1762 1431 qua
1773 1369 1830 1416 de
1847 1383 1894 1415 re
1910 1369 2083 1416 diverlh

441 1432 725 1481 diversorum
741 1432 839 1480 sunt
854 1433 1036 1492 judicia,
1052 1439 1076 1466 *²
1097 1433 1175 1480 sed
1191 1449 1248 1480 ex
1257 1434 1490 1481 voluntate
1506 1436 1574 1492 jus
1589 1431 1863 1480 metiendum
1875 1430 1951 1476 cst,
1981 1430 2082 1477 Ne-

440 1511 531 1559 que
546 1511 659 1544 vero
682 1511 773 1542 non
791 1497 938 1542 multae
969 1497 1141 1543 exstare
1169 1496 1342 1560 possunt
1373 1494 1507 1541 causae
1533 1511 1610 1541 cur
1624 1493 1812 1556 populus
1830 1494 1900 1552 jus
1928 1506 2080 1539 totum

442 1557 729 1622 imperandia
742 1557 785 1604 se
800 1558 979 1606 abdicet
996 1597 1008 1615 ‚
1024 1560 1098 1605 alii
1132 1574 1188 1604 ue
1217 1557 1363 1604 tradat
1382 1598 1392 1614 ,
1410 1571 1516 1621 puta
1533 1558 1635 1618 quia
1657 1557 1700 1600 in
1717 1554 1958 1616 periculum
1977 1555 2076 1600 vitae

440 1620 664 1668 adductus
679 1620 762 1667 alia
773 1622 872 1683 lege
890 1622 965 1682 qui
982 1620 1024 1667 se
1041 1574 1255 1668 decflendat
1272 1623 1467 1683 reperire
1477 1635 1565 1665 non
1582 1616 1721 1681 potest
1744 1634 1755 1663 ;
1776 1628 1850 1663 aut
1867 1616 1965 1679 quia
1980 1617 2082 1661 ino·-

474 1685 519 1731 ia
532 1682 694 1747 preffus
709 1683 836 1729 aliter
850 1684 1016 1730 habere
1033 1699 1126 1736 non
1141 1683 1285 1745 potest
1297 1685 1475 1745 copiam
1490 1680 1606 1727 unde
1618 1678 1664 1725 se
1674 1677 1896 1746 sustentet..
1908 1676 2031 1723 Nam
2049 1677 2080 1723 fi

441 1700 667 1809 {ampani
681 1746 792 1792 olim
809 1745 1069 1794 necessitate
1097 1745 1259 1793 subacti
1284 1745 1309 1772 *
1335 1745 1503 1808 populo
1520 1743 1731 1790 Romano
1749 1739 1792 1787 se
1806 1739 2082 1799 subjecerunt

441 1810 489 1857 in
505 1809 621 1856 hunc
637 1808 827 1855 modum
844 1823 856 1855 ε
875 1812 1058 1870 Populum
1076 1818 1314 1870 Campanum
1333 1845 1345 1864 ,
1364 1810 1561 1868 urbemque
1576 1814 1748 1864 Capuam
1761 1838 1772 1853 ,
1789 1820 1907 1862 agros,
1923 1803 2081 1846 delubra

441 1875 574 1919 Deam
594 1909 606 1925 ‚
633 1875 773 1918 divina
802 1874 1046 1934 humanaque
1061 1878 1199 1920 omnia,
1234 1877 1273 1917 in
1297 1872 1460 1927 vestram
1490 1877 1537 1914 P.
1552 1876 1602 1912 C.
1617 1869 1794 1911 ditionem
1811 1866 1981 1908 dedimus
1997 1884 2008 1906 :
2031 1861 2081 1905 δε

442 1933 630 1998 quidam
645 1933 920 1996 populicum
947 1935 971 1962 *
990 1932 1306 1981 Romanorum
1344 1929 1506 1976 ditioni
1530 1927 1743 1987 subjicere
1759 1923 1800 1970 se
1818 1923 1977 1969 vellent
1986 1959 2005 1990 .’
2024 1937 2079 1968 ¹³0

439 1998 612 2059 recepti
628 1995 809 2058 quidem
828 1993 922 2041 sunt:
937 2013 954 2052 3
983 1994 1109 2057 quod
1125 2008 1273 2041 narrat
1290 1993 1511 2055 Appianus
1531 2007 1541 2039 :
1569 1987 1672 2052 quid
1692 1985 1832 2031 obstat
1847 1998 2078 2045 quominus

440 2061 493 2106 δε
508 2060 584 2106 uni
598 2058 775 2104 homini
790 2059 1052 2120 praepotenti
1070 2056 1259 2120 populus
1283 2055 1439 2117 aliquis
1454 2053 1645 2100 eundem
1662 2049 1721 2097 ad
1736 2046 1927 2094 modum
1944 2043 2077 2091 dede·

440 2135 493 2170 re
508 2119 552 2169 se
565 2119 703 2186 poffit
719 2120 740 2166 ?
753 2118 887 2183 Apud
904 2118 1141 2184 Virgilium
1158 2119 1345 2182 legimus
1365 2132 1376 2163 ε

889 2190 967 2229 Nec
984 2185 1188 2244 cumfi‘sub
1202 2186 1291 2243 leges
1300 2185 1404 2242 pacis
1422 2182 1552 2239 inique

615 2247 843 2292 ‘tradideris
856 2263 983 2306 regno.
1514 2298 1523 2305 ,
1641 2295 1650 2302 ‚
2039 2290 2050 2297 ‚

443 2304 664 2356 Accidere
695 2308 834 2354 etiam
860 2305 1005 2370 potest
1026 2343 1037 2361 ,
1051 2318 1101 2351 ut
1116 2302 1436 2367 paterfamilias
1451 2293 1679 2366 lanfumha
1696 2291 1918 2363 poffidens
1935 2305 2076 2357 nemi·

442 2385 547 2417 nem
576 2368 661 2415 alia
690 2370 789 2435 lege
803 2370 849 2415 in
866 2368 960 2416 suas
976 2383 1117 2414 terras
1133 2366 1406 2413 habitantem
1439 2373 1635 2427 tempero
1663 2357 1770 2401 velit
1787 2372 1798 2402 :
1813 2368 1889 2424 aut
1913 2366 2075 2420 utnqms

441 2449 491 2481 m
553 2446 654 2477 nam
668 2430 899 2479 servorum
921 2432 1099 2496 copiam
1116 2428 1284 2475 habens
1298 2442 1378 2472 eos
1392 2433 1701 2488 manumittat,
1719 2416 1795 2464 sub
1812 2430 1983 2477 unpern
2002 2411 2073 2458 fe-

442 2446 572 2544 reffii
597 2494 644 2539 δε
658 2493 806 2541 census
822 2493 1046 2556 pendendi
1056 2491 1228 2553 legibus
1245 2505 1257 2536 t
1285 2505 1375 2552 quae
1393 2486 1476 2533 suis
1490 2481 1704 2542 exemphs
1732 2494 1818 2524 non
1833 2488 1997 2523 carent.
2014 2473 2073 2519 de

443 2554 582 2606 servis
596 2553 929 2603 Germanorum
944 2554 1062 2618 apud
1082 2553 1295 2600 Tacitum
1308 2550 1370 2597 est
1386 2566 1398 2598 :
1411 2558 1522 2593 Suam
1535 2548 1682 2607 quisque
1690 2544 1815 2615 fidem
1830 2577 1841 2595 ›
1851 2544 1938 2612 s“⁰.⁵
1954 2551 2072 2607 PCM?

444 2636 502 2667 tes
513 2623 623 2679 regit-
654 2624 851 2666 Frumenti
859 2621 1014 2666 modum
1034 2620 1206 2662 dominus
1217 2649 1227 2664 ,
1245 2629 1315 2659 aut
1330 2616 1463 2674 pecoris
1481 2645 1492 2663 ,
1509 2624 1578 2651 aut
1605 2607 1712 2660 vestts
1728 2617 1770 2670 “f
1787 2605 1900 2668 egilano
1911 2612 2071 2663 tnjgcngtt

441 2682 638 2740 &servus
649 2683 829 2729 hastenus
843 2699 846 2702 ’
849 2695 975 2742 paret.
1003 2677 1138 2726 Adde
1154 2676 1280 2738 quod
1297 2674 1402 2720 sicut
1434 2665 1691 2716 Aristoteles
1722 2664 1838 2730 dunt
1855 2657 2074 2722 quoidam—

446 2742 655 2789 homines
667 2755 820 2788 natura
834 2741 918 2789 effe
933 2740 1084 2788 servos
1103 2778 1114 2796 ,
1134 2739 1181 2785 id
1200 2737 1260 2783 est
1270 2736 1327 2782 ad
1346 2734 1599 2782 servitutem
1617 2741 1769 2795 apros3
1786 2738 1847 2769 1ta
1864 2727 1910 2767 δι’
1927 2716 2078 2782 populi

478 2820 508 2852 u
523 2802 632 2850 dam
645 2818 703 2849 eo
718 2802 815 2850 sunt
836 2805 1020 2867 ingenio
1037 2841 1049 2858 ‚
1068 2816 1116 2847 ut
1147 2801 1241 2862 regi
1263 2813 1397 2860 quam
1416 2807 1569 2854 regere
1585 2802 1730 2835 normt
1749 2785 1904 2831 reffius
1923 2801 1937 2838 3
1953 2777 2076 2842 quod

480 2881 508 2913 e
522 2865 569 2912 se
585 2863 753 2913 senfiffe
771 2864 1071 2931 Cappadoces
1084 2862 1292 2910 videntur
1310 2898 1321 2915 ‚
1356 2858 1430 2920 qui
1448 2853 1603 2900 oblata·
1621 2855 1647 2897 a
1661 2844 2078 2952 Κοωειηιῗοὶίιξῖεῑτδῑιίῑει
2099 2855 2214 2938 51:55·
2223 2863 2280 2934 XL
2280 2864 2312 2890 ι.

445 2929 590 2979 vitam
615 2924 692 2974 sub
707 2943 813 2992 rege
835 2928 1117 2990 praetulerunt
1133 2960 1144 2975 ‚
1172 2936 1379 2985 negantes
1394 2919 1544 2986 viyere
1560 2913 1602 2959 se
1617 2913 1702 2958 fine
1716 2924 1819 2970 rege
2099 2959 2192 2984 xxxv
2203 2958 2214 2984 ι
2226 2958 2237 2982 1
2249 2955 2281 2983 ι.

446 2988 739 3038 Philostratus
753 2991 848 3037 vita
863 2988 1107 3053 Apollonii,
1125 2984 1300 3031 stultum
1319 2981 1399 3027 effe
1417 2993 1478 3024 ait
1499 2976 1533 3021 Ἰ
1550 2978 1719 3027 braces,
1734 2971 1817 3030 My
1842 2984 1892 3013 0³
1915 3004 1925 3021 ν
1944 2965 2079 3066 Get?
2104 3025 2164 3061 L'h

445 3053 496 3104 in
511 3051 765 3099 libertatem
779 3051 1007 3100 vindicare
1024 3088 1037 3107 ,
1068 3064 1158 3111 qua
1184 3061 1275 3092 non
1291 3041 1525 3107 gaudeant.
1563 3035 1726 3095 Neque
1745 3046 1853 3077 Vero
1878 3042 1966 3072 ‘¹0¹³
2001 3040 2026 3068 ²
2043 3040 2079 3067 ¹⁶
2133 3039 2144 3058 ’
2167 3051 2177 3061 ’
2194 3033 2251 3062 *¹⁸

449 3129 565 3176 quos
581 3128 772 3161 movere
785 3127 1028 3177 potuerunt
1042 3109 1246 3170 exempla
1262 3105 1462 3172 gentium
1482 3138 1493 3155 ‚
1515 3114 1608 3159 quae
1623 3112 1702 3158 Per
1721 3092 1868 3139 &0⁰¹³
1895 3087 2082 3150 P¹¹¹f¹m³

444 3181 473 3210 '¹¹
491 3173 568 3223 sub
585 3177 647 3222 im
681 3178 778 3223 erio
788 3177 914 3240 plane
930 3175 1057 3237 regio
1069 3172 1169 3218 satis
1186 3167 1375 3237 feliciter
1388 3174 1609 3210 vixerunt.
1628 3162 1651 3187 *
1670 3155 1813 3201 Vrbes
1829 3149 1905 3197 sub
1921 3148 2083 3194 Eumo-
2134 3227 2139 3232 .

447 3254 509 3288 ne
530 3275 541 3295 ,
559 3240 618 3284 ait
644 3193 799 3287 {ivius
815 3276 826 3295 ,
847 3237 1005 3283 nullius
1032 3233 1175 3280 liberae
1187 3232 1378 3276 civitans
1395 3224 1622 3270 fortunam
1647 3232 1749 3263 cum
1770 3214 1839 3260 sua
1858 3222 2076 3256 mutatam
2103 3220 2322 3261 [smmu-

455 3299 656 3349 voluiffe.
670 3298 743 3348 Est
771 3296 1064 3349 &interdum
1089 3297 1126 3342 is
1140 3290 1332 3340 civitatis
1349 3282 1530 3393 statub*
1546 3296 1606 3405 ³ut
1622 3278 1823 3329 videatur
1838 3272 1911 3322 nili
1939 3268 2087 3380 ingelrig
