2475 3854
720 232 1688 283 AcPACIS‚LIB.11.
1976 238 2053 279 225

380 308 532 356 rioms.
564 304 669 357 Nec
702 301 853 348 obstat
869 298 992 363 quod
1014 299 1073 345 de
1091 297 1497 363 pollicitationibus
1529 298 1657 345 saetis
1674 295 1845 346 civitati
1863 296 1962 355 jure
1977 297 2045 341 ci-

376 371 458 415 vili
472 366 533 413 est
547 363 783 429 proditum
805 380 921 425 :quae
938 364 1057 409 ratio
1076 360 1491 423 quosdam‘induxit
1512 398 1523 416 ‚
1538 378 1591 408 ut
1609 365 1706 420 jure
1719 376 1879 408 natura:
1894 358 2037 404 solum

376 427 689 493 promittentis
707 426 853 472 astum
873 425 1073 472 sufficere
1102 425 1353 483 judicarent
1371 440 1381 470 :
1396 439 1501 469 nam
1520 424 1593 470 lex
1611 424 1820 470 Romana
1841 437 1931 469 non
1947 422 2037 466 hoc
2058 424 2182 458 Molina
2194 423 2245 458 di·

377 491 512 548 dicit,
531 504 635 542 ante
651 489 1008 552 acceptationem
1028 487 1368 549 pollicitationis
1384 486 1558 548 plenam
1577 487 1662 532 effe
1682 489 1792 543 vim,
1811 485 1886 532 sed
1903 498 2039 530 revo-
2051 470 2138 517 sm·
2156 474 2246 517 ²⁶³·

379 555 473 600 cari
490 565 632 601 vetat,
649 555 674 580 *
697 565 746 597 ut
763 551 984 613 acceptari
999 548 1172 612 semper
1188 547 1348 610 poflit:
1388 549 1460 609 qui
1479 548 1657 595 eftectus
1669 565 1759 595 non
1777 549 1839 595 cst
1858 561 2041 594 natura-

380 615 456 668 lis,
472 613 548 662 sed
560 628 685 659 mere
699 612 944 677 legitimus.
973 613 1045 657 cui
1058 629 1147 657 non
1164 609 1374 657 diffimsse
1389 610 1449 656 est
1463 611 1587 672 quod
1619 627 1704 674 pro
1733 610 1976 657 infantibus
1991 610 2041 654 &
2071 657 2089 673 r
2235 654 2241 662 ,

380 675 632 724 amentibus
642 679 708 731 ius
723 675 926 739 gentium
941 673 1209 720 introduxit.
1252 671 1377 719 Nam
1396 688 1483 735 pro
1503 675 1571 720 his
1589 710 1600 725 ‚
1628 687 1677 720 ut
1700 671 1953 736 possidendi
1969 686 2040 718 res
2056 654 2196 748 Ξζῖζξὲξ
2213 656 2259 737 (¹¹¹⁶

385 755 479 802 quae
496 736 761 798 poffeffione
780 751 1046 797 quaeruntur,
1063 738 1130 782 ita
1143 737 1191 782 &
1209 734 1471 797 acceptandi
1484 737 1654 782 animus
1670 738 1739 794 jus
1755 735 1944 799 supplet.
2062 755 2077 782 1
2090 758 2101 783 ι
2114 757 2146 788 ι,
2158 755 2178 785 τ
2192 748 2231 788 6,
2258 724 2274 745 ³

449 799 499 848 X
516 799 572 847 V.
607 799 721 846 Illud
738 799 875 846 etiam
894 799 1026 860 quaeri
1044 797 1155 844 solet
1184 835 1198 853 ,
1217 814 1272 844 an
1289 798 1394 844 satis
1410 797 1461 843 fit
1479 800 1836 861 acceptationem
1851 798 1946 843 fieri
1960 832 1970 846 ,
1987 811 2042 841 an
2062 794 2103 829 <T
2118 800 2198 835 mr
2213 802 2272 831 ¹0·

385 877 501 913 vero
518 862 657 908 etiam
673 861 951 907 innotescere
969 860 1134 907 debeat
1151 859 1422 923 promissori,
1441 875 1678 922 antequam
1696 858 1934 924 promiffio
1949 858 2047 921 ple-

386 939 497 972 num
516 920 722 970 effectum
737 922 869 970 conse
903 937 1044 969 natur.
1080 921 1138 969 Et
1157 937 1332 969 certum
1351 923 1413 970 est
1428 936 1621 984 utroque
1648 923 1795 970 modo
1811 923 1905 969 fieri
1921 919 2047 983 posse

394 983 767 1052 promissionem:
792 1000 869 1031 aut
910 1000 968 1031 oc
984 985 1148 1041 modo,
1163 984 1286 1032 Volo
1299 999 1347 1031 ut
1361 984 1509 1032 valeat
1524 984 1817 1050 siacceptetur
1834 1006 1848 1043 3
1864 1000 1940 1031 aut
1956 986 2049 1029 hoc

392 1046 540 1097 modo
556 1080 567 1097 .
589 1045 716 1094 Volo
733 1060 783 1093 ut
801 1048 947 1095 valeat
971 1047 1002 1093 si
1018 1062 1297 1110 acceptatum
1315 1046 1591 1094 intellexero.
1629 1049 1687 1095 Et
1716 1050 1760 1094 in
1779 1049 1846 1094 his
1862 1046 2047 1108 quidem

389 1127 485 1175 quae
502 1108 561 1155 ad
577 1123 783 1155 mutuam
801 1111 1025 1171 pertinent
1037 1111 1365 1173 obligationem
1387 1148 1400 1167 ,
1428 1108 1649 1172 posterior
1666 1110 1807 1157 sensus
1824 1108 2046 1172 praesumi-

391 1188 468 1220 tur
483 1190 494 1221 :
508 1173 550 1217 in
567 1170 795 1233 promissis
827 1188 940 1219 vero
963 1187 1091 1219 mere
1121 1173 1380 1220 liberalibus
1397 1210 1409 1229 ,
1443 1173 1595 1235 potius
1611 1172 1673 1220 est
1697 1188 1746 1220 ut
1759 1173 1884 1235 prior
1902 1169 2047 1217 sensus

389 1234 603 1284 credatur
625 1232 826 1290 adfuisse,
846 1235 922 1281 nisi
941 1234 1058 1282 aliud
1075 1250 1301 1299 appareat.
1990 1250 1993 1253 ’

456 1296 507 1346 Χ
522 1294 563 1342 V
577 1295 614 1342 1.
654 1294 861 1358 Sequitur
873 1298 975 1344 hinc
989 1312 1094 1344 ante
1130 1298 1486 1359 acceptationem
1506 1336 1519 1353 ‚
1551 1298 1715 1360 quippe
1731 1296 1830 1356 jure
1844 1295 2046 1343 nondum
2188 1341 2197 1362 ,

394 1357 624 1414 transsato,
641 1360 846 1404 revocari
866 1360 1128 1422 promissum
1141 1361 1259 1422 poffe
1272 1360 1358 1406 fine
1375 1360 1599 1419 injustitia,
1613 1363 1710 1406 imo
1729 1362 1777 1404 δέ
1794 1360 1881 1405 fine
1894 1360 2049 1404 incon·
2066 1341 2269 1434 fe'sfff'cfflf

394 1422 569 1476 stantia,
590 1420 618 1466 si
637 1435 794 1469 revera
810 1436 867 1466 eo
884 1424 1038 1469 animo
1055 1423 1223 1470 fabium
1240 1423 1305 1479 fit,
1323 1436 1372 1469 ut
1384 1422 1440 1469 ab
1452 1423 1760 1485 acceptatione
1775 1421 1961 1467 demum
1974 1435 2049 1465 va·
2068 1437 2131 1480 quis
2144 1414 2236 1469 aize'n·

394 1485 488 1531 lere
501 1483 702 1546 incipiat.
743 1482 972 1531 Revocari
991 1487 1130 1532 etiam
1152 1486 1274 1549 poffe
1292 1500 1481 1531 mortuo
1498 1499 1599 1531 ante
1615 1486 1971 1545 acceptationem
1991 1497 2048 1527 co
2067 1479 2196 1522 velfibi-
2210 1479 2279 1518 βῆ

396 1548 471 1594 cui
489 1544 749 1608 promissum
765 1560 863 1593 erat
883 1584 894 1603 ‚
917 1550 1020 1608 quia
1037 1547 1218 1595 videtur
1235 1548 1485 1609 acceptatio
1502 1549 1546 1593 in
1561 1546 1794 1593 arbitrium
1810 1547 1822 1591 i
1858 1545 1938 1591 sius
1953 1543 2050 1589 col·
2065 1537 2195 1608 frixis„
2184 1528 2280 1617 ¹1³1?oe

396 1609 517 1662 lata,
537 1623 627 1653 non
642 1606 881 1659 heredum.
913 1609 1052 1656 Aliud
1078 1611 1196 1657 enim
1225 1609 1286 1656 est
1316 1610 1430 1655 velle
1446 1609 1555 1655 dare
1579 1611 1681 1655 huic
1706 1609 1775 1667 jus
1790 1623 1830 1653 at
1862 1606 2049 1652 heredes
2064 1600 2235 1655 viriditas

399 1667 684 1718 transiturum
701 1708 712 1725 ,
748 1674 773 1700 *
809 1671 929 1718 aliud
949 1673 1063 1718 velle
1079 1673 1187 1719 dare
1207 1671 1448 1718 heredibus
1467 1688 1478 1719 :
1497 1671 1688 1717 multum
1710 1672 1831 1716 enim
1855 1668 1993 1715 refert
2007 1670 2048 1713 in
2068 1670 2106 1701 L·
2133 1668 2284 1701 Nera¹³¹¹⁶

398 1747 536 1796 quem
555 1732 821 1779 beneficium
853 1735 1133 1782 conferatur.
1170 1736 1224 1781 Et
1240 1736 1329 1780 hoc
1344 1734 1405 1780 est
1422 1733 1544 1795 quod
1569 1732 1785 1780 Neratius
1805 1730 2049 1793 respondit,
2072 1717 2170 1797 ssgff‘
2183 1725 2249 1759 ⁷²3·

399 1812 494 1843 non
509 1792 652 1841 videri
664 1794 741 1842 sibi
758 1797 1004 1858 principem
1021 1798 1148 1861 quod
1160 1799 1199 1844 ei
1211 1812 1345 1859 quem
1363 1799 1518 1845 vivere
1531 1794 1804 1844 existimabat
1821 1777 2079 1840 concessis-³
2143 1785 2156 1799 ⁶

398 1858 482 1912 set,
499 1854 713 1903 defuneto
730 1859 1000 1908 conceffiffe.

467 1919 518 1966 X
535 1918 577 1966 V
596 1918 667 1965 ΙΙ.
702 1919 875 1967 Poterit
892 1924 1029 1970 etiam
1044 1924 1249 1970 revocari
1264 1935 1452 1969 mortuo
1470 1937 1527 1968 eo
1544 1936 1617 1982 qui
1635 1918 1772 1967 lectus
1787 1934 1882 1966 erat
1895 1917 2055 1966 volun·
2074 1916 2114 1948 L.
2127 1911 2273 1991 Mgdaz

401 1984 508 2029 tatis
523 1983 824 2030 internuncius
839 2003 855 2041 3
873 1986 976 2047 quia
991 1987 1035 2032 in
1050 1987 1169 2032 iilius
1183 1985 1331 2032 verbis
1346 1983 1489 2045 posita
1505 1982 1652 2029 fuerat
1667 1981 1908 2046 obligatio.
1923 1976 2054 2027 Aliud
2073 1971 2239 2039 {Zang-

401 2047 448 2092 in
463 2044 699 2091 tabellario
717 2047 894 2107 quinon
909 2047 971 2093 est
988 2047 1323 2095 instrumentum
1339 2045 1629 2108 obligationis
1651 2082 1661 2099 ‚
1683 2036 1975 2107 sed‘perlator
1990 2041 2057 2085 in·
2073 2057 2176 2088 clarus
2188 2051 2265 2083 libro

403 2107 635 2155 strumenti
647 2106 924 2171 obligatorii.
944 2108 1103 2173 Itaque
1134 2111 1271 2157 literae
1302 2105 1534 2156 consensus
1561 2106 1731 2152 indices
1759 2123 1839 2168 per
1858 2102 2057 2168 quemvis
2079 2109 2132 2153 ἓν·
2148 2105 2168 2135 ‘f
2179 2097 2277 2129 dm·

403 2169 596 2233 perferri
625 2185 853 2233 poterunt.
890 2171 1270 2236 Distinguendum
1287 2186 1467 2234 quoque
1483 2173 1597 2216 inter
1628 2169 1870 2215 ministrnm
1885 2167 1958 2229 qui
1974 2162 2060 2210 ele·
2075 2156 2174 2191 Μή·
2195 2151 2251 2178 ¹²·

394 2232 502 2279 &us
517 2230 577 2277 est
598 2270 609 2287 ‚
626 2248 677 2278 ut
702 2233 1045 2294 promiffionem
1077 2234 1288 2299 significet
1302 2271 1313 2288 ‚
1347 2234 1528 2278 &inter
1545 2245 1647 2276 eum
1667 2233 1741 2290 qui
1759 2229 1919 2276 electus
1937 2226 1996 2273 est
2010 2238 2059 2269 ut

406 2292 499 2359 ipse
533 2296 787 2354 promittat.
822 2295 982 2343 Priore
996 2297 1097 2345 casu
1123 2298 1361 2344 revocatio
1375 2296 1469 2341 vim
1489 2293 1610 2340 suam
1626 2292 1807 2338 habebit
1826 2328 1837 2345 ,
1867 2290 2003 2335 etiam
2028 2285 2056 2331 fi
2076 2286 2169 2321 L·S¹‘
2183 2297 2277 2363 mg-

408 2355 610 2405 ministro
626 2357 972 2406 noninnotuerit
997 2360 1168 2407 :altero
1185 2374 1295 2406 vero
1312 2359 1435 2404 irrita
1452 2358 1540 2403 erit
1564 2356 1799 2401 revocatio
1813 2374 1828 2410 3
1862 2351 1965 2411 quia
1993 2351 2059 2405 jus
2075 2332 2276 2414 ᾗζξζαὶι]

409 2417 710 2483 promittendi
724 2420 779 2465 ab
793 2419 923 2482 ipfius
940 2421 1172 2468 voluntate
1182 2419 1404 2482 pendebat
1419 2457 1430 2473 ‚
1454 2429 1545 2482 quat
1560 2417 1765 2464 voluntas
1778 2413 1967 2460 necdum
1980 2424 2082 2457 co-·
2155 2469 2164 2478 '

412 2482 534 2546 gnita
550 2482 856 2537 revocatione,
871 2482 1134 2544 omniculpa
1148 2482 1351 2529 vacabat.
1380 2481 1455 2528 Sic
1473 2482 1608 2527 etiam
1622 2480 1772 2531 priore
1788 2474 1886 2523 casu
1902 2473 1927 2499 *
1939 2486 2063 2517 mor-
2081 2467 2199 2545 ilai?
2209 2475 2283 2543 Ξῖ·

414 2557 500 2590 tuo
517 2541 744 2588 donatore
768 2547 937 2606 poterit
953 2547 1174 2608 acceptari
1192 2545 1384 2592 donatio
1401 2582 1414 2600 ‚
1450 2558 1500 2589 ut
1528 2539 1722 2605 perse-:eta
1748 2539 1804 2584 ab
1822 2551 1904 2582 una
1920 2546 2058 2595 parte,
2080 2535 2159 2592 ὦ]
2193 2534 2201 2543 ‘

414 2619 669 2668 quanquam
685 2605 1004 2655 revocabiliter
1027 2608 1183 2670 :quod
1200 2608 1394 2668 apertius
1410 2608 1455 2652 in
1470 2605 1626 2668 legatis
1642 2600 1892 2661 conspicere
1912 2597 1989 2641 cst.
2005 2594 2064 2663 al·
2214 2641 2219 2646 ,

415 2682 518 2714 tero
537 2663 636 2711 casu
652 2681 740 2711 non
757 2670 939 2728 poterit,
959 2670 1061 2732 quia
1079 2685 1169 2715 non
1190 2667 1304 2715 faita
1323 2668 1398 2723 est,
1420 2667 1495 2715 sed
1506 2664 1635 2711 mand
1643 2678 1711 2710 ata
1727 2662 1837 2707 fieri.
1856 2659 1904 2704 In
1920 2655 2060 2702 dnbio
2080 2645 2195 2721 ffJZ·
2207 2651 2271 2727 ¹¹⁸4.

416 2741 567 2776 autern
586 2725 832 2779 mandantis
848 2730 1054 2778 voluntas
1071 2731 1194 2777 fuiffe
1210 2731 1412 2778 censetur
1427 2767 1442 2786 ,
1462 2743 1511 2775 nt
1527 2726 1763 2786 impleatur
1780 2719 2058 2771 mandatum,
2081 2750 2115 2769 n,
2136 2735 2188 2771 ,6,
2204 2734 2241 2765 L,
2250 2731 2279 2774 fi

415 2790 490 2838 nifi
503 2804 665 2851 magna
682 2793 874 2838 mutatio
889 2793 1113 2849 inciderit,
1134 2794 1273 2855 qualis
1288 2793 1351 2840 est
1369 2807 1496 2838 mors
1512 2786 1773 2835 mandantis.
1795 2780 1983 2830 Poss'unt
1997 2794 2064 2846 ta—
2078 2789 2181 2828 pater·
2195 2779 2298 2868 Ds-de

416 2868 521 2901 men
537 2850 768 2912 suppetere
783 2868 871 2899 con
875 2854 1051 2913 jefihirae
1063 2872 1157 2917 quae
1171 2855 1290 2902 aliud
1303 2851 1591 2915 judicandum
1611 2847 1834 2900 suadeant,
1854 2859 1947 2903 quae
1960 2836 2066 2887 faci-
2084 2839 2225 2912 Τῗῒω
2243 2850 2252 2860 ·

417 2916 461 2963 le
473 2912 761 2961 admittendae
790 2913 886 2960 sunt
902 2951 912 2965 ‚
932 2930 982 2962 ut
994 2916 1185 2963 snbfistat
1214 2917 1339 2979 quod
1354 2917 1427 2979 pia
1441 2914 1568 2962 causa
1604 2911 1699 2957 dari
1719 2906 1976 2954 mandatum
1991 2901 2064 2948 est.

418 2978 489 3026 Ac
501 2974 629 3023 simili
646 2973 792 3021 modo
807 2976 978 3024 definiri
996 2979 1139 3041 potest
1148 2980 1320 3041 agitata
1336 2977 1448 3024 olim
1461 2971 1764 3022 controversia
1784 3009 1793 3024 ‚
1810 2984 1860 3013 an
1878 2968 1922 3011 in
1937 2966 2073 3010 haere-

418 3039 529 3085 dem
548 3037 747 3084 mandati
763 3036 895 3084 detur
910 3039 1040 3091 affio,
1058 3057 1144 3101 qua
1156 3039 1215 3085 de
1232 3057 1281 3086 re
1297 3038 1417 3086 aliud
1435 3039 1505 3084 M.
1533 3034 1728 3083 Drusum
1749 3032 2003 3095 Praetorem,
2023 3041 2071 3070 a-

419 3100 517 3150 liud
535 3098 727 3146 Sextum
745 3099 905 3145 Iulium
923 3101 1107 3148 edixiffe
1125 3100 1264 3148 refert
1282 3102 1470 3163 scriptor
1501 3098 1557 3144 ad
1577 3088 1943 3158 Herennium-hb.
1962 3103 1982 3134 1
1994 3102 2040 3134 1.

487 3162 538 3209 X
554 3161 595 3208 V
617 3162 634 3208 Ι
654 3161 671 3206 Ι
691 3163 725 3207 1.
759 3160 915 3207 Solent
931 3165 979 3208 &
993 3165 1306 3211 controverfiae
1338 3162 1536 3210 incidere
1564 3159 1623 3204 de
1654 3164 1958 3217 acceptatione
1988 3165 2078 3219 prq

434 3225 582 3277 altero
595 3222 714 3274 fasta
729 3239 740 3275 ἱ
757 3225 805 3272 Ῑῦ
820 3223 983 3286 quibus
997 3224 1354 3290 distinguendum
1383 3223 1445 3273 est
1473 3226 1588 3328 ἰῗξεῐ
1617 3216 1953 3323 promissioneip
1967 3213 2082 3319 engilin

1942 3290 1966 3321 a
2010 3289 2084 3320 am
