2380 3917
67 346 142 381 Lm.
157 342 212 377 [sb.
226 351 287 389 42.

69 1832 283 1878 L.juregen-

70 1888 172 1918 tuum,
188 1887 287 1924 §.pa-

70 1925 174 1960 cium.
189 1929 236 1964 D.
251 1926 291 1959 de

69 1971 183 2018 pastu.

82 3036 158 3064 Dec.
174 3035 228 3067 hb.
249 3037 279 3073 ¹,

309 268 382 306 280
727 262 1592 304 DEtVREBELLI

308 337 414 382 dere
428 329 734 380 Macedonico
752 347 855 377 cum
876 329 1098 377 Romanis
1118 367 1129 385 ‚
1151 342 1256 376 ante
1276 330 1484 377 Perseum
1515 346 1690 395 regem.
1723 330 1846 379 Cum
1868 333 1976 381 belli

306 397 489 462 gerendi
509 410 675 441 nomen
695 432 705 450 ,
725 395 774 439 &
791 393 848 439 ad
865 407 1003 439 omne
1020 391 1190 439 bellum
1210 395 1434 451 pertinere
1451 394 1612 454 poffit,
1644 395 1758 441 &ad
1776 395 1824 442 id
1848 396 1976 457 quod

307 459 496 507 infertur
515 496 526 514 ,
544 473 634 504 non
652 455 777 517 quod
796 454 1026 516 repellitur
1043 492 1055 510 ,
1076 456 1120 500 in
1139 454 1282 501 dubio
1300 454 1545 503 arftiorem
1575 456 1650 504 hic
1681 457 1977 522 fignificatum

306 523 552 573 sumemus,
567 535 621 565 ne
642 519 828 564 nimium
844 516 1100 564 coarstetur
1116 517 1317 570 libertas.

370 585 418 630 X
436 583 496 630 V.
522 581 734 640 Ejusdem
753 581 928 644 generis
938 579 999 626 est
1015 578 1128 625 illud
1142 618 1152 634 ‚
1171 580 1298 639 quod
1316 578 1518 628 Romani
1531 579 1831 641 promiserant
1859 579 1885 611 '¹‘
1921 583 1978 627 li-

304 649 459 695 beram
474 644 576 691 fore
592 643 922 707 Carthaginem
943 657 954 689 :
979 641 1108 704 quod
1127 658 1382 706 quanquam
1415 658 1472 688 ex
1493 658 1650 690 natura
1664 643 1787 690 aestus
1803 642 1863 689 de
1880 646 1978 708 ple-

303 709 477 759 niffima
494 707 714 770 potestate
731 704 918 768 intelligi
935 720 1025 751 non
1043 707 1271 766 poterat‚(
1289 703 1398 751 belli
1418 706 1538 752 enim
1557 704 1818 768 suscipiendi
1836 708 1908 766 jus
1927 708 1977 753 δε

301 775 387 819 alia
400 770 602 834 quaedam
622 769 802 831 pridem
819 766 1060 814 omiserant
1081 771 1097 827 )
1137 767 1335 830 aliquam
1351 781 1504 813 tamen
1519 767 1608 817 illis
1623 767 1905 831 relinquebat
1921 769 1980 814 li-

301 835 525 882 bertatem
545 872 556 889 ,
588 836 634 879 85
654 833 893 878 minimum
920 844 1092 878 tantam
1109 869 1121 886 ,
1150 844 1200 877 ut
1217 832 1366 877 alieno
1384 831 1578 891 imperio
1610 830 1770 877 urbem
1797 829 1978 878 sedibus

301 897 544 944 transferre
560 911 651 941 non
669 908 938 940 tenerentur.
953 892 1127 941 Frustra
1143 909 1256 957 ergo
1274 908 1439 940 vocem
1455 892 1745 956 Carthaginis
1753 893 1978 955 urgebant

302 960 504 1007 Romani
538 995 548 1009 ,
599 957 799 1006 dicentes
830 957 999 1003 civium
1031 956 1371 1003 multitudinem
1401 971 1491 1002 non
1523 955 1684 1003 urbem
1712 955 1945 1018 significari
1962 971 1978 1004 :

305 1026 321 1081 (
340 1022 465 1085 quod
483 1037 738 1084 quanquam
754 1020 1056 1082 improprium
1073 1018 1263 1067 concedi
1283 1017 1428 1081 potest
1448 1056 1458 1074 ‚
1473 1019 1538 1065 ob
1551 1017 1820 1066 attributum
1847 1015 1978 1081 quod

302 1085 478 1132 civibus
496 1086 640 1146 magis
658 1099 794 1146 quam
812 1081 911 1128 urbi
944 1084 1176 1131 convenit.
1194 1083 1210 1141 )
1227 1080 1356 1128 Nam
1387 1081 1431 1126 in
1452 1097 1567 1127 voce
1586 1121 1599 1139 ,
1621 1081 1813 1128 liberam
1841 1081 1980 1129 relin-

306 1149 399 1210 qui,
420 1145 625 1201 ιἰυῖόνομον,
647 1161 698 1193 ut
717 1146 942 1210 Appianus
960 1146 1038 1202 ait,
1057 1143 1290 1192 manifesta
1304 1158 1402 1190 erat
1415 1145 1579 1207 captio.

372 1210 422 1256 X
440 1209 480 1256 V
497 1209 531 1256 1.
566 1208 728 1255 Huc&
744 1209 821 1254 illa
834 1206 1044 1270 frequens
1061 1207 1236 1271 quaestio
1253 1205 1488 1254 referenda
1502 1205 1577 1258 est,
1594 1204 1655 1252 de
1670 1204 1808 1270 pastis
1822 1203 1980 1270 perso-

308 1272 481 1320 nalibus
499 1288 550 1318 ac
565 1271 772 1318 realibus.
817 1271 876 1318 Et
895 1270 1113 1333 siquidem
1130 1286 1233 1317 cum
1251 1269 1424 1332 populo
1441 1269 1590 1316 libero
1609 1267 1761 1317 adium
1790 1267 1843 1316 fit
1858 1307 1871 1326 ,
1888 1267 1977 1316 du-

307 1336 433 1382 bium
456 1350 549 1380 non
567 1333 642 1390 est,
659 1335 765 1396 quin
776 1334 904 1396 quod
921 1336 961 1381 ei
973 1335 1254 1397 promittitur
1269 1332 1329 1379 sui
1346 1346 1503 1378 natura
1516 1333 1636 1379 reale
1652 1331 1707 1379 sit-
1726 1369 1738 1389 ,
1752 1331 1857 1396 quia
1873 1329 1980 1379 sub-

307 1399 474 1459 jeRum
488 1398 548 1445 est
566 1413 636 1443 res
648 1412 933 1459 permanens.
951 1398 1054 1444 Imo
1067 1396 1236 1442 etiamsi
1253 1395 1387 1442 status
1399 1396 1594 1442 civitatis
1609 1396 1654 1441 in
1669 1409 1860 1460 regnum
1875 1410 1980 1443 rnu-

309 1476 445 1515 tetur‚
467 1459 669 1507 manebit
682 1459 815 1506 fedus
839 1498 852 1517 ,
868 1461 972 1523 quia
988 1473 1142 1511 manet
1156 1459 1281 1505 idem
1295 1473 1461 1521 corpus
1482 1496 1493 1515 ,
1512 1456 1590 1506 etfi
1610 1472 1792 1505 mutato
1808 1468 1865 1504 ca
1896 1457 1977 1515 ite,

307 1526 358 1570 &
375 1538 423 1569 ut
437 1521 567 1584 supra
581 1522 780 1573 diximus
797 1560 808 1578 ,
826 1524 1068 1587 imperium
1084 1521 1210 1584 quod
1229 1534 1307 1583 per
1326 1536 1482 1586 regem
1500 1535 1737 1569 exercetur
1751 1535 1842 1567 non
1892 1519 1978 1566 efi-

307 1587 374 1633 nit
391 1587 627 1648 imperium
642 1585 727 1632 esse
741 1585 910 1650 populi.
921 1583 1248 1646 Excipiendum
1265 1584 1354 1631 erit
1371 1622 1382 1640 ‚
1403 1583 1431 1630 fi
1449 1598 1658 1647 appareat
1674 1583 1850 1632 causam
1868 1578 1979 1631 fiiis:-

309 1647 354 1695 se
403 1649 603 1710 ropriam
618 1649 658 1694 ei
676 1648 804 1695 statui
826 1687 837 1705 ,
856 1662 909 1695 ut
928 1648 957 1695 si
974 1646 1123 1694 liberae
1140 1648 1346 1694 civitates
1376 1646 1594 1696 libertatis
1617 1645 1815 1694 tutanda:
1845 1643 1978 1693 caula

312 1665 446 1757 fedus
462 1711 749 1758 contrahant.
785 1712 846 1757 At
862 1709 892 1757 fi
911 1726 1016 1757 cum
1030 1726 1137 1774 rege
1152 1708 1433 1756 contracstum
1449 1709 1501 1756 fit
1520 1748 1533 1767 ,
1555 1725 1645 1756 non
1658 1709 1804 1756 statim
1821 1707 1981 1773 perso-

314 1774 414 1820 nale
429 1775 516 1819 erit
533 1773 803 1820 censendum
819 1772 985 1820 fedus:
1013 1790 1115 1819 nam
1131 1788 1179 1818 ut
1197 1771 1316 1818 reike
1330 1771 1498 1818 dietum
1530 1771 1592 1819 est
1624 1776 1651 1820 a
1669 1771 1812 1819 Pedio
1830 1773 1879 1818 δε
1891 1771 1979 1821 Vl·-

314 1839 464 1900 piano‚
480 1836 747 1898 plerumque
763 1833 954 1898 persona
970 1835 1104 1899 paCto
1121 1833 1325 1881 inseritur
1344 1872 1356 1891 ,
1381 1851 1470 1881 non
1491 1849 1541 1881 ut
1551 1833 1780 1898 personale
1797 1834 1978 1898 pastum

315 1900 408 1954 fiat,
419 1898 494 1945 sed
509 1914 558 1944 ut
574 1898 908 1946 demonstretur
923 1915 1026 1945 cum
1042 1914 1136 1962 quo
1160 1901 1337 1960 pastum
1353 1895 1521 1947 factum
1533 1898 1611 1946 est.
1643 1897 1785 1963 Qod
1803 1898 1830 1945 si
1845 1898 1900 1945 ad
1905 1902 1977 1959 je·

313 1961 436 2010 Ctum
454 1961 506 2010 sit
517 1959 664 2007 federi
675 1976 723 2009 ur
739 1976 1005 2026 perpetuum
1019 1961 1084 2017 lit,
1099 1975 1176 2007 aut
1193 1959 1362 2007 faChim
1380 1962 1423 2006 in
1440 1960 1609 2008 bonum
1627 1963 1765 2025 regni,
1779 1975 1856 2008 aut
1871 1978 1978 2010 cum

311 2026 328 2072 i
363 2024 410 2071 so
424 2025 472 2070 δε
489 2023 807 2072 successoribus
826 2042 836 2071 :
856 2024 963 2071 ficut
981 2022 1124 2072 solere
1143 2024 1274 2084 adjici
1290 2025 1331 2069 in
1347 2022 1574 2071 federibus
1595 2063 1608 2082 ‚
1637 2024 1702 2077 κριὲ
1717 2026 1786 2069 πΐς
1800 2024 1974 2079 ἐκγόνοις,

348 2100 364 2115 ’
380 2086 567 2149 posteris
588 2089 652 2133 ait
671 2085 882 2134 Libanius
896 2087 942 2132 in
959 2085 1217 2133 defensione
1236 2087 1551 2134 Demosthenis
1571 2103 1584 2137 ;
1619 2102 1694 2134 aut
1722 2086 1780 2133 ad
1798 2102 1976 2151 tempus

314 2149 548 2197 definitum
567 2187 578 2206 ‚
612 2151 704 2210 jam
721 2149 824 2197 satis
840 2149 1074 2211 apparebit
1101 2150 1217 2196 reale
1229 2147 1328 2196 esse.
1364 2150 1481 2197 Tale
1492 2149 1670 2196 videtur
1684 2149 1808 2196 fuiffe
1845 2150 1869 2177 *
1906 2150 1977 2197 fe-

315 2211 402 2260 dus
423 2210 743 2259 Romanorum
760 2230 863 2259 cum
876 2211 1084 2275 Philippo
1103 2211 1412 2259 Macedonum
1430 2213 1555 2277 Rege
1574 2251 1585 2268 ,
1606 2212 1848 2277 quodcum
1867 2211 1977 2259 Per-

313 2275 412 2322 seus
442 2276 538 2332 ejus
571 2274 686 2322 filius
716 2275 776 2322 ad
808 2275 853 2322 se
886 2276 1111 2337 pertinere
1145 2291 1326 2339 negaret
1342 2312 1352 2325 ‚
1386 2275 1553 2323 bellum
1585 2291 1644 2322 eo
1678 2277 1863 2322 nominc
1894 2291 1976 2323 ex-

311 2353 468 2384 ortum
502 2336 579 2384 est.
615 2337 706 2384 Sed
741 2340 790 2385 δε
824 2340 912 2385 alia
946 2338 1085 2385 verba
1117 2377 1128 2394 ,
1166 2340 1215 2384 &
1249 2337 1337 2399 ipsa
1369 2338 1599 2387 interdum
1634 2339 1823 2385 materia
1856 2354 1972 2385 con-

309 2399 528 2459 jecturam
557 2400 904 2463 suppeditabunt
932 2416 1023 2446 non
1055 2401 1412 2463 improbabilem.
1443 2399 1585 2465 Qod
1610 2400 1639 2448 fi
1669 2417 1797 2464 pares
1827 2401 1908 2448 fint
1927 2404 1976 2448 in

309 2479 553 2526 utrumque
569 2464 837 2523 conjesturae
851 2503 863 2521 ,
884 2463 1097 2526 supererit
1117 2503 1127 2519 ,
1160 2480 1208 2510 ut
1225 2463 1492 2512 favorabilia
1507 2463 1750 2510 credantur
1775 2465 1861 2511 esse
1880 2479 1975 2510 rea·

310 2526 384 2582 lia,
405 2526 566 2573 odiosa
585 2543 696 2572 vero
714 2526 975 2588 personalia.
1011 2526 1178 2572 chcra
1194 2530 1309 2590 pacis
1334 2528 1460 2574 causa
1476 2527 1589 2574 fatsta
1609 2565 1619 2582 ‚
1639 2543 1716 2573 aut
1741 2543 1975 2574 commer-

309 2591 487 2635 ciorum
506 2588 773 2636 favorabilia
811 2589 922 2637 sunt.
957 2590 1068 2651 Qae
1096 2589 1199 2635 belli
1219 2588 1344 2637 causa
1362 2629 1373 2647 ,
1393 2608 1482 2637 non
1505 2589 1665 2636 odiosa
1692 2591 1846 2636 omnia
1876 2625 1886 2640 ,
1923 2603 1974 2637 ur

309 2652 495 2713 qnidam
513 2652 704 2701 censent,
723 2651 1033 2708 sedzmpaapjm,
1051 2651 1099 2696 id
1131 2652 1190 2698 cst
1208 2651 1361 2700 federa
1393 2653 1547 2700 tuendi
1575 2651 1620 2698 se
1645 2652 1772 2700 causa
1786 2654 1973 2717 propius

311 2715 370 2761 ad
389 2715 596 2762 favorem
615 2714 835 2762 accedunt
854 2754 865 2771 ,
898 2716 1125 2770 ξυμμαχίοω
1154 2718 1300 2779 magis
1327 2715 1384 2763 ad
1399 2731 1556 2763 onera.
1585 2713 1658 2762 Ad
1683 2732 1778 2778 qnae
1796 2715 1973 2763 accedit

308 2778 435 2840 quod
453 2779 496 2823 in
509 2778 665 2824 federe
680 2778 736 2823 ad
749 2778 915 2824 bellum
932 2777 1128 2839 quodvis
1147 2816 1158 2833 ,
1173 2778 1446 2839 praesumitur
1461 2779 1577 2825 ratio
1610 2777 1762 2825 habita
1776 2778 1974 2841 pruden-

309 2842 380 2886 tiae
397 2843 444 2885 δε
461 2842 637 2903 pietatis
654 2843 749 2898 ejus
766 2842 962 2901 quicum
981 2842 1142 2902 agitur..
1163 2856 1212 2886 ut
1232 2843 1305 2904 qui
1318 2858 1410 2887 non
1427 2841 1572 2888 modo
1585 2857 1671 2888 non
1689 2842 1843 2901 injuste
1863 2880 1873 2898 ‚
1896 2839 1973 2887 sed

309 2919 388 2948 nec
407 2918 579 2950 temere
594 2902 764 2949 bellum
783 2901 1057 2966 suscepturus
1074 2902 1318 2950 videretur.
1351 2903 1493 2969 Qod
1510 2920 1621 2954 vero
1637 2905 1725 2950 dici
1743 2904 1873 2958 solet,
1895 2901 1973 2948 so-

308 2967 496 3011 cietates
510 2981 663 3012 morte
678 2965 898 3021 finiri,huc
917 2981 1004 3011 non
1021 2965 1198 3013 adfero:
1213 2969 1406 3030 pertinet
1421 2969 1540 3013 enim
1553 2968 1641 3014 hoc
1661 2967 1717 3014 ad
1736 2966 1972 3013 societates

311 3031 518 3090 privatas,
535 3030 707 3088 &juris
724 3028 782 3073 est
800 3028 956 3074 civilis.
975 3028 1078 3074 Iure
1094 3045 1206 3093 crgo
1224 3047 1278 3076 an
1294 3031 1451 3088 injuria
1475 3034 1503 3064 *
1534 3030 1788 3084 Fidenates,
1805 3030 1828 3057 *
1845 3029 1974 3075 Lati-

308 3093 367 3144 ni,
387 3090 574 3146 Etrusci,
595 3091 747 3137 Sabini
767 3094 792 3137 a
810 3089 965 3136 federe
983 3089 1249 3139 discefferint
1263 3095 1453 3139 mortuis
1467 3091 1685 3147 Romulo,
1704 3092 1862 3147 Tullo,
1877 3091 1974 3136 An-

308 3168 382 3203 c0,
406 3152 571 3203 Prilco.
593 3153 760 3200 Servio
782 3192 792 3205 ,
813 3153 1047 3210 dijudicari
1063 3158 1087 3200 a
1107 3155 1233 3201 nobis
1251 3155 1368 3201 τρεῖς
1385 3171 1473 3201 non
1487 3155 1646 3217 potest,
1662 3170 1764 3200 cum
1784 3170 1872 3200 non
1891 3169 1974 3199 ex-

311 3215 417 3259 stent
443 3215 650 3262 fcdcrum
678 3216 828 3261 verba.
861 3214 949 3262 Cui
979 3231 1068 3260 non
1100 3218 1319 3264 dissimilis
1332 3218 1391 3264 est
1413 3218 1482 3264 illa
1501 3219 1617 3282 apud
1640 3217 1845 3262 lustinum
1858 3231 1973 3261 con-

307 3277 524 3324 troversia
542 3317 553 3334 ,
590 3295 645 3326 an
672 3279 879 3325 civitates
896 3295 993 3341 quae
1010 3278 1263 3328 Medorum
1279 3280 1520 3328 tt'ibutariae
1555 3279 1731 3327 fuerant
1750 3318 1763 3336 ‚
1791 3291 1971 3348 mutato

1828 3352 1974 3401 impe-
