2475 3854
783 295 1756 342 ACPAC1s‚ttn.xt.
2042 307 2105 348 131

442 361 809 425 Peloponnesiaci
829 402 840 419 ,
862 380 915 410 ne
943 363 1273 412 Lacedaemonii
1291 367 1551 429 navigarent
1568 366 1717 429 longis
1733 361 1923 414 navibus
1937 405 1947 422 ‚
1970 365 2045 415 sed
2063 385 2111 415 a·
2128 365 2221 400 nuc.
2233 362 2317 404 2.1v;

442 426 512 471 liis
531 426 717 487 navigiis
741 465 752 481 ,
775 444 867 490 quae
887 425 1053 473 ferrent
1070 427 1281 488 ponderis
1314 444 1405 474 non
1422 428 1610 489 amplius
1629 430 1879 490 quingentis
1897 430 2077 478 talentis
2097 450 2110 480 :

443 490 492 532 &
510 489 660 548 primo
683 488 837 534 federe
853 491 973 551 quod
989 491 1131 535 statim
1150 489 1206 535 ab
1225 490 1390 537 exactis
1407 490 1587 553 regibus
1605 490 1629 516 ¹*
1651 490 1848 537 Romani
1866 508 1968 538 cum
1990 493 2110 540 Car-

443 551 793 619 thaginieniibus
814 550 1027 602 fecerant,
1044 567 1353 598 convenerant
1369 591 1380 609 ,
1412 566 1467 598 ne
1499 550 1695 599 Romani
1731 552 2108 603 Romanorumve
2127 573 2232 622 past,

446 611 571 665 socii,
588 613 702 658 ultra
723 613 964 661 Pulchrum
981 616 1353 677 promontorium
1373 615 1779 680 navigarent‚extra
1792 631 1924 679 quam
1941 618 1969 663 fi
1987 634 2106 665 tem-

443 673 620 738 pestatis
637 690 711 720 aut
728 676 918 722 hostium
938 678 980 722 vi
999 676 1212 738 compulsi
1245 677 1378 724 client
1397 695 1410 726 ε
1430 680 1505 739 qui
1522 679 1566 724 vi
1584 679 1798 742 compulsi
1815 678 2102 738 advenissent,

443 735 553 782 nihil
578 735 798 783 sumerent
829 754 986 802 praeter
1023 738 1255 785 necefl'aria
1274 778 1284 794 ,
1305 741 1489 786 &intra
1511 740 1632 786 diem
1649 743 1854 802 quintum
1892 741 2103 790 abscede-

443 813 562 844 rent.
579 797 636 843 Et
653 801 677 826 *
696 801 739 844 in
759 799 949 846 secundo
968 799 1137 855 federe,
1151 818 1204 846 ne
1218 800 1415 848 Romani
1434 799 1547 848 ultra
1566 801 1805 850 Pulchrum
1827 819 2102 866 promonto-

445 861 591 915 rium,
613 860 820 908 Maffiam
840 864 887 908 δε
904 862 1140 922 Tarsejum
1155 863 1324 924 praedas
1351 879 1533 928 agerent
1563 879 1871 912 mercatumve
1888 869 2014 915 irent.
2051 868 2104 914 In

478 938 557 968 ace
568 938 671 968 cum
689 924 849 985 Illyriis
863 963 872 978 ,
884 941 937 970 ne
957 925 1091 985 Illyrii
1110 925 1225 971 ultra
1242 924 1420 972 Lessum
1438 926 1637 988 pluribus
1651 942 1786 988 quam
1801 928 1976 977 duobus
1989 929 2101 976 lem-
2123 936 2220 981 *App-
2238 933 2311 978 luy,

445 938 513 1031 liis
542 985 681 1046 iisqwe
710 988 949 1033 inermibus
975 988 1252 1049 navigarent.
1283 985 1333 1033 In
1364 1003 1474 1050 pace
1503 1004 1605 1034 cum
1637 988 1865 1038 Antiocho
1885 1030 1895 1048 ,
1915 1007 1969 1037 ne
1988 993 2101 1038 citra
2155 1038 2159 1042 ,
2193 1040 2196 1043 ,

445 1044 776 1108 Calycadnium
805 1052 854 1095 ὃ(
884 1049 1192 1110 Sarpedonem
1224 1051 1545 1111 promontoria
1571 1052 1801 1114 navigaret
1824 1067 1951 1101 extra
1968 1070 2100 1100 naves
2122 1036 2336 1121 ἑζζζηω

444 1126 540 1171 quae
558 1109 837 1172 stipendium,
857 1110 1045 1174 legatos,
1069 1126 1144 1157 aut
1156 1110 1332 1158 obfides
1349 1126 1599 1174 portarent.
1618 1111 1708 1160 Sed
1721 1114 1810 1161 haec
1828 1131 1918 1162 non
1935 1116 2101 1163 docent

444 1173 791 1234 occupationem
811 1176 947 1219 maris
964 1188 1041 1219 aut
1055 1175 1165 1233 juris
1182 1173 1435 1237 navigandi.
1457 1173 1636 1222 Poffunt
1653 1177 1771 1222 enim
1789 1193 1838 1223 ut
1854 1178 2023 1242 finguli,
2038 1180 2102 1224 ita

444 1235 494 1280 &
542 1234 663 1297 opuli
684 1235 834 1297 pastis,
853 1252 943 1281 non
957 1243 1133 1282 'tantum
1150 1235 1210 1282 dc
1225 1238 1321 1295 jure
1333 1235 1458 1297 quod
1472 1239 1654 1299 proprie
1669 1237 1745 1284 fibi
1764 1242 1984 1303 competit
2000 1278 2009 1295 ‚
2027 1239 2103 1286 sed

443 1299 494 1343 &
506 1250 565 1342 ge
582 1312 641 1343 eo
657 1298 786 1359 quod
799 1313 902 1344 cum
921 1299 1128 1345 omnibus
1163 1298 1422 1346 hominibus
1440 1315 1685 1346 commune
1700 1300 1863 1349 habent
1886 1341 1897 1358 ,
1915 1304 1960 1347 in
1995 1318 2098 1366 gra-

443 1360 556 1406 tiam
586 1361 682 1416 ejns
704 1362 830 1419 cujus
861 1361 909 1407 id
939 1361 1115 1407 interest
1143 1361 1396 1409 decedere:
1417 1362 1543 1424 quod
1559 1378 1663 1409 curn
1682 1363 1730 1409 fit
1751 1402 1760 1418 ,
1780 1363 2018 1410 dicendum
2038 1364 2098 1410 est
2262 1419 2267 1426 ,

444 1422 574 1484 quod
589 1424 704 1469 dixit
722 1423 986 1486 leianusin
1005 1440 1057 1470 ea
1075 1422 1334 1494 faelispecie
1352 1459 1361 1474 ,
1381 1436 1468 1486 qua
1484 1422 1649 1471 fundus
1665 1440 1759 1472 erat
1778 1427 1984 1473 venditus
2016 1427 2097 1472 hac
2119 1417 2157 1497 ’ἐς
2175 1418 2328 1497 Yam*

442 1484 571 1547 lege,
602 1499 657 1530 ne
683 1501 848 1532 contra
881 1485 1166 1534 venditorem
1183 1485 1370 1548 piscatio
1403 1487 1636 1549 thynnasia
1657 1503 1942 1535 exerceretur
1963 1526 1972 1543 ‚
1990 1490 2101 1534 mari
2118 1478 2270 1557 „gd-m*

442 1546 702 1595 servitutem
719 1550 895 1611 imponi
911 1564 1003 1594 non
1015 1549 1205 1610 potuiss'e
1223 1586 1234 1604 ,
1252 1549 1327 1595 sed
1341 1548 1507 1595 bonam
1523 1549 1661 1595 fidem
1691 1551 1944 1597 contractus
1960 1566 2106 1612 expo-

443 1608 579 1665 scere,
598 1625 648 1656 ut
665 1611 739 1657 lex
756 1611 1023 1657 venditionis
1045 1609 1253 1658 servetur,
1284 1612 1439 1675 Itaque
1456 1611 1666 1674 personas
1681 1612 2003 1676 postidentium
2022 1651 2034 1669 ‚
2055 1614 2103 1659 δε

443 1673 490 1720 in
505 1673 573 1733 jus
585 1687 747 1719 eorum
766 1673 1094 1719 succedentium
1110 1674 1323 1736 obligari.

506 1735 557 1782 X
574 1734 615 1783 V
634 1735 672 1781 Ι.
709 1734 928 1799 Frequens
944 1736 1004 1782 est
1020 1738 1134 1783 inter
1155 1738 1327 1783 vicinos
1343 1736 1540 1799 populos
1558 1740 1810 1797 contentio,
1827 1739 2007 1801 quoties
2021 1737 2104 1784 flu-

442 1813 549 1846 men
566 1797 741 1844 cnrsum
758 1799 951 1846 mutavit
971 1837 982 1855 ,
1002 1815 1054 1845 an
1072 1799 1199 1846 fimul
1229 1801 1468 1862 &imperii
1485 1803 1701 1849 terminus
1723 1817 1921 1848 mutetur
1941 1840 1952 1854 ‚
1982 1804 2031 1847 &
2050 1817 2105 1845 an

444 1875 539 1924 quae
551 1860 712 1907 flumen
726 1860 905 1924 adjecit,
925 1863 989 1908 eis
1002 1860 1163 1909 cedant
1177 1862 1338 1924 quibus
1355 1862 1528 1921 adjecta
1544 1864 1639 1910 sunt
1655 1878 1770 1926 :quae
1785 1862 2102 1911 controverliae
2124 1868 2191 1902 tul.
2205 1866 2341 1902 Frontin-

444 1938 502 1970 ex
519 1937 674 1969 natura
691 1926 739 1970 ὃς
754 1923 900 1970 modo
914 1925 1211 1986 acquisitionis
1227 1924 1482 1972 definiendae
1499 1923 1614 1972 sunt.
1630 1927 1814 1973 Docent
1834 1942 1917 1973 nos
1933 1923 2107 1972 menso-

443 2001 516 2032 res
536 1986 620 2032 tria
640 1985 722 2032 esse
740 2001 951 2049 agrorum
969 2002 1131 2051 genera
1151 2005 1163 2036 ε
1184 1987 1374 2034 divisum
1394 1988 1442 2033 δε
1469 1987 1731 2051 assignatum
1751 2027 1762 2044 ,
1785 2004 1921 2050 quem
1938 1989 2106 2035 limita—

443 2060 542 2095 tum
562 2063 698 2096 vocat
724 2048 1000 2097 Florentinus
1017 2049 1348 2098 Iurisconsultus
1366 2088 1378 2105 ,
1400 2050 1503 2111 quia
1536 2050 1817 2097 manufactos
1835 2052 2000 2097 limites
2018 2064 2102 2111 pro
2123 2053 2206 2106 [ῥέα
2221 2053 2299 2103 agra

442 2109 602 2158 finibus
615 2111 748 2158 habet
767 2132 783 2170 3
816 2111 1085 2177 assignatum
1115 2128 1194 2175 per
1226 2112 1557 2159 universitatem
1578 2151 1589 2168 ,
1606 2112 1695 2159 five
1713 2119 1742 2147 *
1761 2112 1961 2158 mensura
1976 2128 2105 2158 com-
2123 2101 2299 2189 ‘g'ssssq

443 2173 725 2236 prehenlinn,
744 2188 851 2237 puta
868 2174 946 2238 per
964 2177 1186 2222 centurias
1203 2191 1254 2221 ac
1271 2179 1426 2239 jugera
1443 2176 1519 2232 3&
1535 2175 1780 2222 arcifinium
1795 2213 1805 2226 ‚
1825 2177 1895 2236 qui
1914 2174 2015 2220 inde
2031 2174 2100 2219 di·
2126 2193 2278 2229 mam,
2302 2170 2310 2182 '

443 2235 552 2290 dtus,
575 2235 769 2284 docente
782 2235 1002 2294 Varrone,
1021 2239 1144 2300 quod
1161 2238 1268 2284 fines
1286 2237 1447 2284 habeat
1463 2236 1666 2284 arcendis
1682 2236 2102 2304 hostibusidoncos,

443 2297 492 2344 id
504 2297 565 2343 est
583 2300 818 2347 naturales:
837 2316 887 2347 ut
904 2300 1000 2348 lunt
1015 2300 1193 2347 flumina
1206 2302 1255 2346 δε
1279 2303 1303 2331 *
1320 2314 1515 2346 montes.
1538 2299 1644 2345 Hos
1659 2301 1977 2360 occupaton'os
1994 2296 2106 2342 dicit

445 2357 656 2424 Aggenus
673 2361 861 2409 Vrbicus
877 2402 888 2416 ,
908 2365 1010 2425 quia
1035 2363 1299 2424 plerumque
1324 2361 1435 2408 tales
1466 2362 1562 2409 sunt
1578 2363 1698 2425 agri,
1713 2362 1785 2424 qui
1804 2375 1879 2407 aut
1903 2376 1959 2407 eo
1978 2357 2107 2420 quod

446 2424 576 2469 vacui
597 2420 691 2470 sunt
706 2462 716 2479 ‚
736 2438 811 2471 aut
824 2426 961 2472 etiam
987 2425 1109 2473 bello
1128 2439 1418 2487 occupantur.
1447 2425 1496 2471 In
1528 2423 1706 2471 duobus
1722 2423 1875 2482 primis
1891 2435 2107 2485 agrorum

443 2483 686 2548 generibus
702 2486 869 2533 etiamsi
886 2487 1048 2534 flumen
1061 2487 1236 2534 cursum
1252 2500 1415 2542 mutet,
1434 2486 1545 2533 nihil
1564 2485 1622 2531 de
1638 2486 1874 2533 territorio
1892 2496 2107 2550 mutatur:

444 2550 493 2594 δε
508 2547 536 2594 fi
557 2545 664 2609 quid
685 2547 851 2595 alluvio
865 2549 1034 2609 adjcc1t
1051 2549 1098 2596 id
1115 2552 1432 2612 occupantium
1444 2550 1637 2611 imperio
1657 2546 1857 2594 accedet.
1900 2546 1951 2592 In
1966 2544 2107 2590 arcifi-

443 2611 526 2658 niis
555 2604 580 2637 *
615 2609 778 2657 flumen
820 2624 997 2659 mutato
1014 2612 1226 2675 paulatim
1245 2611 1370 2658 curlii
1390 2651 1403 2668 ‚
1425 2625 1576 2658 mutat
1605 2612 1654 2656 &
1669 2610 1886 2655 territorii
1903 2608 2007 2654 fines
2030 2607 2109 2673 ,βε

477 2671 660 2735 u'equid
698 2672 861 2719 flumen
898 2676 1012 2736 parti
1030 2675 1157 2721 alteri
1179 2674 1345 2734 adjecit
1364 2712 1375 2729 ,
1398 2673 1474 2719 sub
1493 2674 1587 2733 ejus
1606 2674 1800 2735 imperio
1825 2670 1884 2716 est
1905 2669 2112 2719 cuiadieae-

443 2687 566 2783 gkum
591 2733 665 2782 est:
679 2736 780 2795 quia
796 2734 959 2783 scilicet
971 2753 1030 2783 eo
1048 2738 1202 2783 animo
1212 2736 1405 2799 populus
1419 2750 1607 2796 uterque
1621 2734 1862 2802 imperium
1879 2728 2112 2792 occupass‘e

445 2797 652 2861 primitus
671 2796 885 2853 creditur,
921 2803 946 2829 *
983 2815 1033 2846 ut
1055 2800 1220 2846 flumen
1247 2796 1311 2844 sui
1339 2797 1586 2844 medietate
1603 2811 1683 2842 eos
1709 2794 1941 2841 dirimeret
1963 2831 1974 2847 ‚
2012 2807 2112 2838 tan·
2197 2839 2239 2875 M
2278 2841 2304 2874 ,b

445 2873 582 2921 quam
601 2858 808 2906 naturalis
823 2862 1054 2909 terminus.
1081 2861 1268 2909 Tacitus
1286 2859 1407 2906 dixit
1428 2876 1439 2907 :
1477 2868 1636 2904 Certum
1656 2863 1746 2918 jam
1778 2862 1888 2903 alveo
1918 2859 2107 2905 Rhenum,
2130 2847 2282 2925 ἕψω
2306 2864 2318 2875 ’

445 2923 624 2984 *quique
652 2928 836 2967 terminus
863 2928 926 2983 effi
946 2925 1131 2983 fitfficmt.
1165 2921 1407 2971 Diodorus
1434 2920 1606 2968 Siculus
1637 2917 1715 2964 ubi
1751 2915 2106 2988 controversiam
2160 2975 2163 2978 .
2233 2917 2243 2925 ’

446 2995 596 3031 narrat
623 2998 717 3043 quae
743 2983 858 3029 inter
890 2984 1135 3047 Egestanos
1168 2987 1218 3034 &
1231 2983 1509 3034 Selinuntios
1528 2981 1631 3029 fuit,
1648 2978 1795 3034 πυῖἷκμὲ
1811 2982 1869 3027 ait
1887 2978 1964 3020 τίοι)
1985 2984 2106 3042 χωξξι)
2128 2971 2200 3006 Μ’·
2216 2978 2299 3004 ¹¹¹·

446 3043 658 3100 ὁθᾶζοντΘ»
677 3063 790 3098 amne
802 3047 889 3097 fines
901 3051 1199 3105 discriminante.
1233 3047 1291 3093 Et
1303 3046 1565 3105 Xenophon
1599 3045 1735 3089 talem
1754 3058 1930 3089 amnem
1947 3037 2104 3098 fimpli-
2125 3039 2291 3120 ἒῑξῒθίῐζ.

445 3111 560 3154 citer
589 3105 621 3148 ’ἲ-
640 3102 803 3161 ὂὼίζονῖσι
819 3142 829 3156 ,
862 3107 910 3152 id
937 3107 1024 3162 est,
1039 3114 1231 3167 finitorem
1247 3122 1401 3154 vocat.
1433 3107 1635 3153 Narrant
1650 3118 1821 3151 veteres
1853 3100 2104 3170 Acheloum
2152 3094 2211 3133 'P'
2237 3096 2259 3130 y
2278 3095 2303 3118 ¹·

445 3184 625 3216 amnem
648 3206 658 3222 ,
690 3171 864 3214 incerto
895 3170 1020 3216 cursu
1039 3208 1050 3226 ,
1085 3170 1232 3216 modo
1250 3169 1414 3216 sectum
1456 3170 1499 3215 in
1518 3182 1668 3231 partes
1687 3204 1698 3221 ,
1729 3164 1874 3212 modo
1891 3176 2111 3232 circuma-

446 3232 566 3279 &um
586 3229 776 3292 obliquo
791 3233 968 3294 agmine
1002 3234 1018 3290 (
1037 3233 1155 3278 unde
1173 3234 1289 3278 tauri
1308 3234 1356 3277 &
1370 3231 1580 3291 serpentis
1607 3227 1804 3273 formam
1844 3223 2026 3293 induisse
2041 3222 2112 3268 di·-
2217 3280 2224 3290 .

457 3295 571 3341 citur
588 3292 696 3349 jdiu
722 3293 780 3340 de
808 3307 921 3356 agro
939 3293 1169 3355 adjacente
1200 3293 1307 3342 belli
1333 3293 1507 3403 causalni
1539 3290 1701 3338 AEtolis
1735 3291 1783 3337 δε
1810 3281 2114 3335 Acarnanibus
2131 3280 2321 3321 &ram-“-

1504 3365 1536 3402 2
2003 3363 2114 3414 prae-
