2380 3917
384 380 456 429 59⁶
755 370 864 410 nn
969 364 1646 406 rvnsnnttx

386 462 489 495 rum
519 441 569 490 sit
597 438 732 485 etiam
769 436 856 483 fine
886 433 1137 482 indiCtione
1168 431 1226 480 ad
1245 448 1376 480 arma
1393 433 1550 480 venire
1568 469 1581 488 ,
1622 428 1784 477 frustra
1800 427 2053 477 dubitatur.

185 544 189 549 -
254 537 272 570 μ,
388 508 514 557 Nam
532 502 677 567 capita
695 500 1016 546 conventionis
1031 496 1176 542 insunt
1193 495 1488 542 conventioni
1508 506 1590 556 per
1609 491 1805 540 modum
1822 492 2058 540 conditio-

149 542 346 628 }ibngid..
390 573 454 620 nis
474 584 521 617 ut
535 562 670 630 paulo
686 577 787 608 ante
804 561 1022 608 diximus.
1036 557 1256 622 Reperias
1272 556 1456 621 quidem
1473 557 1518 603 in
1534 555 1730 603 historiis
1747 555 1957 617 exempla
1974 568 2059 598 co-

153 639 295 670 e-xxr
308 630 362 671 36·
391 651 488 682 mm
520 630 594 692 qui
628 624 902 672 sustinuerint
934 623 980 668 in
1007 623 1142 668 finem
1161 619 1446 667 induciarum
1468 634 1479 666 :
1509 617 1604 665 Sed
1628 619 1679 666 &
1695 619 1864 666 bellum
1881 618 2057 664 illatum

153 684 169 715 ¹
181 692 232 714 ¹⁹·
251 680 363 713 ‘¹⁶³¹'
388 691 620 746 Hetruscis
636 689 683 733 δέ
716 686 812 733 aliis
828 684 956 747 quod
972 698 1136 730 contra
1150 683 1351 730 inducias
1364 681 1562 729 fecissent
1578 680 1703 746 legas
1720 698 1732 731 ε
1760 699 1854 744 quae
1872 679 2060 727 diverfi-

156 735 195 761 σ
211 735 269 761 ἠ’
388 776 457 808 tas
472 763 739 818 argumento
760 748 820 794 est
832 751 903 809 jus
921 747 986 794 ita
1002 745 1088 792 effe
1100 760 1150 792 ut
1164 746 1373 804 dicimus,
1391 744 1471 793 sed
1487 760 1547 793 eo
1568 745 1667 806 jure
1698 747 1765 792 uti
1784 745 1857 793 vel
1873 760 1964 790 non
1977 744 2057 796 uti,

387 826 432 872 in
449 816 636 866 arbitrio
650 811 735 859 effe
749 813 846 871 ejus
863 812 939 872 qui
955 808 1077 857 laesus
1094 808 1175 856 est.

453 881 501 930 X
519 881 538 928 Ι
554 881 589 926 1.
624 874 739 921 Illud
752 873 926 920 constat
955 871 984 918 fi
999 887 1131 933 poena
1147 884 1372 919 conventa
1393 870 1594 936 poscitur
1610 907 1621 923 ,
1648 873 1701 919 &
1715 870 1987 935 persolvitur
2001 867 2060 916 ab

388 964 447 995 eo
463 946 535 1009 qui
552 951 710 987 contra
727 936 949 998 fecit,jam
963 934 1161 982 bellandi
1178 937 1249 996 jus
1263 951 1357 982 non
1376 935 1477 982 effe.
1512 936 1627 985 Ideo
1644 936 1763 982 enim
1782 949 1913 997 poena
1923 931 2061 980 solvi-

391 1026 478 1065 tur,
497 1021 542 1053 ut
552 1015 706 1051 caetera
723 999 843 1046 salva
856 998 1144 1048 maneant.Et
1157 1009 1321 1045 contra
1334 999 1365 1046 si
1381 998 1552 1048 bellum
1569 1013 1825 1055 moveatur,
1842 996 2060 1045 recessum

389 1079 415 1122 ὲ
432 1084 561 1136 poena
574 1062 739 1112 censeri
755 1061 914 1118 debet,
933 1061 1122 1125 quando
1135 1062 1271 1126 optio
1282 1060 1390 1109 data
1403 1062 1484 1109 est.

452 1132 501 1180 X
518 1133 538 1178 1
555 1129 622 1176 11.
660 1126 840 1174 Privata
854 1138 1010 1172 tamen
1024 1122 1145 1173 fasta
1162 1141 1254 1172 non
1269 1140 1484 1187 rumpunt
1497 1126 1698 1175 inducias
1718 1165 1730 1184 ,
1761 1125 1834 1172 nili
1855 1121 2061 1187 publicus

390 1196 510 1245 acius
529 1189 736 1246 accedat,
831 1203 877 1236 ta
891 1188 956 1234 im
992 1188 1074 1234 etii
1086 1201 1164 1234 aut
1177 1186 1514 1238 ratihabitionis
1532 1229 1545 1248 ‚
1579 1207 1676 1253 quae
1691 1190 1830 1236 etiam
1849 1186 2062 1250 intelligi-

390 1275 463 1307 tur
478 1253 695 1313 accedere
713 1291 726 1311 ,
755 1203 876 1316 ἔξω
893 1249 953 1298 de
974 1252 1168 1315 'querint
1184 1267 1268 1298 nec
1283 1253 1529 1315 puniantur
1543 1269 1628 1301 nec
1643 1251 1872 1300 dedantur
1890 1267 1901 1298 :
1916 1251 1946 1298 si
1967 1264 2062 1296 non

387 1320 633 1371 reddantur
642 1331 727 1363 res.

452 1384 500 1432 X
518 1380 611 1429 IV.
646 1380 720 1427 Ius
746 1376 1038 1426 commeandi
1056 1391 1187 1426 extra
1199 1376 1404 1425 inducias
1417 1378 1707 1444 privilegium
1726 1378 1964 1442 quoddam
1980 1374 2065 1423 est.

413 1454 526 1494 ‘uate
552 1446 596 1491 in
614 1446 709 1503 ejus
738 1442 1119 1505 interpretatione
1146 1439 1371 1504 sequenda
1383 1441 1482 1489 sunt
1502 1459 1596 1505 quae
1629 1441 1688 1487 de
1705 1442 1951 1505 privilegiis
1969 1453 2064 1486 tra-

151 1540 225 1576 νώ
234 1537 329 1583 supra
387 1464 565 1557 duntur.
586 1507 659 1554 Est
669 1519 821 1554 autem
835 1507 928 1551 hoc
973 1504 1229 1567 rivilegium
1245 1521 1389 1566 neque
1401 1507 1543 1554 tertio
1565 1506 1774 1558 noxium,
1794 1519 1939 1567 neque
1951 1503 2066 1548 dan-

150 1588 366 1622 1.11.c.xv1.
389 1576 421 1621 ti
443 1571 699 1620 admodum
709 1581 880 1633 grave:
912 1569 926 1614 i
962 1582 1021 1614 eo
1037 1569 1158 1614 intra
1179 1567 1424 1615 verborum
1443 1569 1774 1633 proprietatem
1802 1567 1904 1614 laxa
1919 1568 2066 1628 magis

155 1641 188 1673 Ἶ-
208 1642 262 1670 ¹²·
387 1652 522 1699 quam
538 1632 680 1681 stric‘ta
696 1631 1012 1694 interpretatio
1026 1629 1314 1677 admittenda
1330 1629 1408 1687 est,
1427 1646 1575 1694 eoque
1589 1631 1734 1695 inagis
1749 1629 1778 1677 fi
1794 1646 1886 1677 non
1905 1643 2066 1692 peten-

387 1702 422 1747 ti
436 1698 592 1745 datum
605 1694 890 1749 beneficium,
909 1692 986 1741 sed
1004 1693 1127 1740 ultro
1145 1693 1354 1740 oblatum
1373 1692 1454 1751 fit3
1494 1693 1738 1754 multoque
1754 1695 1900 1755 magis
1918 1731 1927 1748 ‚
1946 1691 1975 1738 fi
1994 1689 2066 1737 ul-

157 1791 229 1822 can.
250 1786 282 1817 ,·,,
312 1795 346 1816 c.
387 1778 455 1809 tra
473 1762 696 1824 privatam
716 1757 896 1822 publica
913 1755 1117 1820 quaedam
1135 1755 1304 1804 utilitas
1321 1757 1364 1803 in
1377 1758 1570 1820 negotio
1590 1770 1812 1802 vertatur.
1831 1756 2063 1816 Rejicien-

157 1846 228 1886 cum
241 1845 273 1866 m
286 1843 362 1863 cun·
388 1826 450 1873 da
460 1840 572 1882 ergo
593 1821 738 1870 stricta
764 1821 1078 1882 interpretatio
1093 1821 1230 1868 etiam
1249 1827 1385 1882 q'uam
1407 1815 1560 1868 ferunt
1578 1818 1725 1866 verba
1744 1858 1756 1876 ‚
1796 1819 1873 1866 nifi
1889 1817 2063 1881 alioqui

158 1880 224 1920 ω’
244 1886 354 1959 &ij
388 1876 627 1937 absurdum
645 1883 830 1948 aliquod
856 1882 1116 1946 sequetem·
1132 1919 1148 1943 ‚
1179 1897 1257 1930 aut
1272 1898 1331 1929 eo
1349 1881 1520 1931 ducant
1537 1882 1796 1948 probabiles
1808 1882 2066 1930 admodum

158 1936 253 2011 ἷῖἔῑ
391 1951 635 2002 voluntatis
651 1944 1125 2009 conjecturae.Contra
1137 1961 1252 1994 vero
1268 1947 1409 1993 etiam
1425 1961 1557 1994 extra
1570 1947 1900 2011 proprietatem
1917 1945 2066 1993 laxior

389 2015 711 2079 interpretatio
727 2012 881 2058 locum
900 2008 1102 2069 habebit,
1121 2024 1172 2057 ut
1184 2009 1326 2058 fimile
1341 2009 1591 2059 absurdum
1604 2011 1784 2068 vitetur,
1803 2025 1880 2059 aut
1895 2026 1955 2058 ex
1969 2009 2067 2059 val-

392 2080 451 2127 de
468 2095 520 2125 ut
543 2077 730 2137 rentibus
743 2076 847 2135 conj
855 2073 1028 2121 eEturis.

459 2140 511 2188 X
523 2093 586 2187 ξί.
622 2138 741 2187 Hinc
771 2138 1029 2199 colligimus
1043 2135 1201 2184 datum
1220 2137 1440 2186 militibus
1452 2151 1763 2185 commeatum
1783 2153 1875 2184 non
1891 2135 1948 2182 ad
1967 2149 2067 2182 me-

399 2202 502 2250 dios
520 2217 697 2251 tantum
716 2201 788 2248 sed
802 2203 848 2248 δε
867 2201 1068 2248 summos
1080 2199 1217 2248 duces
1231 2204 1427 2266 porrigi:
1442 2204 1549 2265 quia
1561 2201 1687 2250 verbi
1710 2203 1966 2266 proprietas
1984 2198 2068 2244 ad·-

167 2299 245 2334 215
279 2304 307 2332 ι·
329 2297 379 2330 D.
400 2268 545 2314 mittit
562 2282 662 2312 eam
681 2265 1062 2329 iignificationem,
1084 2280 1342 2327 quanquam
1359 2265 1424 2313 est
1441 2267 1489 2312 &
1502 2265 1589 2312 alia
1605 2265 1811 2312 strictior.
1830 2264 1904 2311 Sic
1921 2262 2070 2310 nomi-

167 2325 206 2379 ἐς
218 2326 274 2377 bo'n
303 2342 372 2389 poss.
405 2345 459 2375 ne
470 2329 742 2376 clericorum
758 2327 880 2374 venit
898 2325 1142 2390 episcopus.
1159 2327 1310 2376 Etiam
1324 2331 1399 2393 qui
1418 2330 1464 2375 in
1478 2327 1687 2377 clastibus
1705 2327 1801 2376 sunt
1820 2343 1963 2375 nautae
1981 2326 2071 2373 mi-

170 2403 212 2426 ‘2‘
226 2391 293 2437 test·
313 2390 385 2425 ''¹¹‘-
406 2393 505 2439 lites
520 2391 828 2453 intelliguntur
845 2392 893 2436 &
916 2405 1073 2436 omnes
1092 2393 1281 2438 omnino
1299 2394 1373 2455 qui
1391 2392 1719 2441 sacramentum
1735 2393 1966 2439 dixerunt.

472 2454 573 2503 XV
588 2454 623 2500 Ι.
657 2455 706 2501 In
720 2454 784 2500 itu
797 2467 985 2500 cautum
1005 2454 1051 2500 δε
1062 2452 1118 2499 de
1136 2455 1284 2503 reditu
1298 2456 1501 2504 censetur
1517 2494 1529 2513 ,
1565 2472 1657 2503 non
1672 2457 1761 2504 hoc
1779 2470 1836 2502 ex
1854 2456 1897 2502 vi
1919 2451 2067 2508 verbi,

407 2517 483 2565 sed
499 2532 548 2564 ut
564 2516 802 2564 absurdum
821 2518 990 2563 vitetur
1011 2533 1024 2564 ε
1052 2531 1194 2580 neque
1209 2521 1331 2566 enim
1345 2520 1500 2568 inutile
1517 2520 1603 2566 esse
1627 2520 1897 2568 beneficium
1915 2517 2073 2565 debet.

178 2590 275 2624 Diod.
297 2588 366 2624 sic.
410 2582 468 2628 Et
487 2579 631 2627 abitus
659 2594 781 2626 tutus
809 2578 1131 2643 intelligendus
1159 2580 1294 2645 usque
1321 2582 1432 2632 dum
1452 2600 1511 2630 eo
1529 2584 1786 2648 pervenerit
1801 2583 1877 2629 ubi
1903 2584 1947 2628 in
1967 2593 2072 2627 tuto

173 2639 307 2674 “b-“¹
320 2646 350 2672 ¹·
411 2644 477 2699 fit,
496 2643 616 2690 unde
633 2647 656 2673 *
675 2641 920 2708 Alexandri
933 2643 1044 2690 fides
1061 2643 1261 2693 accusata
1273 2647 1347 2710 qui
1365 2647 1528 2712 quibus
1538 2646 1712 2694 abitum
1729 2643 1972 2692 indulserat
1991 2657 2079 2690 eos

413 2709 457 2752 in
472 2705 567 2768 ipso
582 2707 737 2752 itinere
749 2705 871 2766 juffit
886 2706 1091 2752 interfici.
1127 2707 1185 2754 At
1203 2710 1271 2755 cui
1290 2709 1413 2759 abire
1429 2709 1604 2767 datum,
1624 2726 1715 2757 non
1733 2711 1781 2756 &
1796 2708 1944 2755 redire
1964 2744 1974 2753 .
1997 2704 2074 2752 sed

418 2785 499 2814 nec
511 2771 581 2814 cui
598 2772 747 2815 venite
766 2768 1018 2815 concessum
1031 2769 1092 2816 est
1107 2772 1287 2819 mittere
1300 2775 1471 2835 poterit
1488 2789 1596 2821 :nec
1619 2786 1780 2820 contra
1799 2788 1810 2819 z
1836 2771 1933 2818 sunt
1950 2769 2073 2815 enim

416 2834 505 2878 haec
524 2831 795 2887 diversa,ncc
815 2846 942 2878 extra
957 2833 1099 2880 verba
1120 2833 1354 2900 exspatiari
1369 2840 1485 2886 ratio
1498 2837 1630 2901 cogit
1650 2853 1661 2884 :
1688 2837 1751 2881 ita
1767 2836 1919 2880 tamen
1939 2848 1988 2879 ut
2002 2847 2074 2877 er·-

417 2909 440 2939 s
443 2910 497 2940 or
510 2894 588 2963 ,effi
605 2897 670 2953 jus
687 2910 774 2963 ‘¹9¹¹
792 2892 885 2944 det.
903 2899 927 2940 ὲι
943 2911 1075 2957 poena
1089 2911 1211 2944 certe
1227 2898 1254 2944 fi
1270 2916 1357 2963 qua
1368 2899 1546 2960 adjesta
1560 2899 1620 2946 est
1635 2895 1917 2945 relevet.Sed
1938 2898 1984 2941 δε
2001 2896 2074 2942 cui

419 2971 569 3024 venire
585 2956 834 3018 permiffum
854 2957 914 3003 est
930 2995 941 3008 ‚
960 2957 1096 3005 semel
1110 2962 1260 3008 veniet
1272 2979 1386 3020 ,non
1401 2964 1566 3011 iterum
1582 2998 1593 3014 ,
1610 2961 1687 3009 nili
1706 2963 1928 3026 temporis
1946 2959 2073 3019 adie-

417 3017 510 3064 ctio
524 3019 655 3065 aliam
670 3019 916 3083 suppeditet
933 3023 1257 3080 conjeciuram.

191 3112 375 3147 mmm&
419 3143 426 3149 ·
483 3080 531 3127 X
550 3081 590 3128 V
612 3082 629 3127 1
650 3081 681 3126 I.
724 3081 898 3152 Patrem
917 3084 1030 3132 filius
1044 3120 1054 3135 ‚
1070 3103 1189 3134 uxor
1204 3089 1350 3137 virum
1367 3104 1457 3136 non
1475 3089 1516 3137 se
1552 3089 1672 3136 uitur
1689 3127 1699 3145 ‚
1726 3087 1853 3134 aliter
1872 3100 2007 3149 quam
2027 3086 2074 3130 in

190 3161 342 3194 Pramo.
418 3160 513 3200 lure
530 3143 860 3210 commorandi.
879 3161 983 3192 nam
1005 3150 1174 3195 morari
1189 3149 1382 3198 solemus
1392 3169 1498 3200 cum
1537 3153 1687 3199 amilia
1704 3191 1714 3209 ,
1728 3150 2002 3216 peregrinari
2019 3147 2076 3194 fi-

422 3221 475 3250 ne
493 3222 558 3251 ca.
595 3207 799 3274 [jamulus
816 3221 965 3253 tamen
983 3227 1092 3258 unus
1111 3226 1184 3258 aut
1200 3213 1311 3259 alter
1338 3214 1509 3262 etiamst
1528 3214 1751 3275 exprcffus
1769 3230 1856 3262 non
1875 3213 1927 3259 fit
1941 3226 2074 3259 com-

422 3270 656 3334 prebemus
685 3268 934 3338 cen-lebitnr
947 3272 990 3317 in
1008 3288 1066 3319 co
1086 3313 1097 3330 ,
1132 3291 1267 3336 quem
1285 3276 1373 3323 sine
1390 3279 1468 3325 tali
1485 3281 1705 3324 comitatu
1720 3280 1787 3324 ire
1802 3275 2073 3324 indecorum

191 3341 305 3375 abhas
327 3353 353 3374 e.
420 3333 555 3374 foret.
584 3346 684 3375 nain
700 3347 773 3391 qu1
791 3332 953 3394 ahquid
971 3336 1183 3385 concedit
1204 3377 1216 3394 ,
1234 3342 1445 3387 concedit
1457 3357 1552 3403 qua:
1565 3340 1805 3390 neceffario
1818 3340 2079 3401 sequuntur.

195 3388 349 3466 szfi‘·
365 3390 403 3422 ‘¹‘
419 3392 649 3441 neccffitas
669 3407 819 3440 autem
838 3396 909 3442 hic
925 3400 1162 3448 moraliter
1179 3401 1473 3467 intelligenda
1488 3403 1561 3454 est.
1896 3460 1940 3513 V
1954 3460 1977 3510 I
1991 3459 2054 3510 II

1833 3463 1886 3515 X
2051 3492 2069 3514 ο
