<?xml version="1.0" encoding="UTF-8"?>
<!DOCTYPE html PUBLIC "-//W3C//DTD XHTML 1.0 Transitional//EN"
    "http://www.w3.org/TR/xhtml1/DTD/xhtml1-transitional.dtd">
<html xmlns="http://www.w3.org/1999/xhtml" xml:lang="en" lang="en">
 <head>
  <title>
</title>
<meta http-equiv="Content-Type" content="text/html;charset=utf-8" />
  <meta name='ocr-system' content='tesseract 3.04.00' />
  <meta name='ocr-capabilities' content='ocr_page ocr_carea ocr_par ocr_line ocrx_word'/>
</head>
<body>
  <div class='ocr_page' id='page_1' title='image "./hugonisgrottiide010grotuoft_0152.png"; bbox 0 0 2380 3917; ppageno 0'>
   <div class='ocr_carea' id='block_1_1' title="bbox 464 314 1687 359">
    <p class='ocr_par' dir='ltr' id='par_1_1' title="bbox 464 314 1687 359">
     <span class='ocr_line' id='line_1_1' title="bbox 464 314 1687 359; baseline 0.006 -7"><span class='ocrx_word' id='word_1_1' title='bbox 464 315 537 357; x_wconf 78' lang='lat'>108</span> <span class='ocrx_word' id='word_1_2' title='bbox 839 314 1687 359; x_wconf 70' lang='lat' dir='ltr'>Dtrvnssnnttt</span> 
     </span>
    </p>
   </div>
   <div class='ocr_carea' id='block_1_2' title="bbox 213 379 2138 3447">
    <p class='ocr_par' dir='ltr' id='par_1_2' title="bbox 456 379 2138 827">
     <span class='ocr_line' id='line_1_2' title="bbox 456 379 2138 452; baseline 0.001 -22"><span class='ocrx_word' id='word_1_3' title='bbox 456 384 580 439; x_wconf 73' lang='lat' dir='ltr'>tati5‚</span> <span class='ocrx_word' id='word_1_4' title='bbox 599 396 694 445; x_wconf 84' lang='lat' dir='ltr'>quae</span> <span class='ocrx_word' id='word_1_5' title='bbox 712 379 803 428; x_wconf 90' lang='lat' dir='ltr'>sola</span> <span class='ocrx_word' id='word_1_6' title='bbox 822 397 1023 430; x_wconf 81' lang='lat' dir='ltr'>animum</span> <span class='ocrx_word' id='word_1_7' title='bbox 1040 382 1299 446; x_wconf 84' lang='lat' dir='ltr'>tranquillat</span> <span class='ocrx_word' id='word_1_8' title='bbox 1314 419 1326 434; x_wconf 90' lang='lat'><em>,</em></span> <span class='ocrx_word' id='word_1_9' title='bbox 1350 383 1530 432; x_wconf 81' lang='lat' dir='ltr'>aliunde</span> <span class='ocrx_word' id='word_1_10' title='bbox 1546 384 1701 431; x_wconf 86' lang='lat' dir='ltr'>in-hoc</span> <span class='ocrx_word' id='word_1_11' title='bbox 1719 384 2017 449; x_wconf 82' lang='lat' dir='ltr'>negotiotam</span> <span class='ocrx_word' id='word_1_12' title='bbox 2030 403 2138 452; x_wconf 70' lang='lat' dir='ltr'>gra-</span> 
     </span>
     <span class='ocr_line' id='line_1_3' title="bbox 460 443 2136 510; baseline 0.003 -17"><span class='ocrx_word' id='word_1_13' title='bbox 460 449 506 494; x_wconf 88' lang='lat' dir='ltr'>vi</span> <span class='ocrx_word' id='word_1_14' title='bbox 522 444 675 493; x_wconf 80' lang='lat' dir='ltr'>haberi</span> <span class='ocrx_word' id='word_1_15' title='bbox 689 443 825 507; x_wconf 78' lang='lat' dir='ltr'>poffe,</span> <span class='ocrx_word' id='word_1_16' title='bbox 856 454 860 455; x_wconf 72' lang='grc'>’</span> <span class='ocrx_word' id='word_1_17' title='bbox 878 461 983 491; x_wconf 88' lang='lat' dir='ltr'>uam</span> <span class='ocrx_word' id='word_1_18' title='bbox 1000 461 1057 492; x_wconf 81' lang='lat' dir='ltr'>ex</span> <span class='ocrx_word' id='word_1_19' title='bbox 1077 446 1149 493; x_wconf 84' lang='lat' dir='ltr'>illa</span> <span class='ocrx_word' id='word_1_20' title='bbox 1163 447 1280 510; x_wconf 79' lang='lat' dir='ltr'>lege,</span> <span class='ocrx_word' id='word_1_21' title='bbox 1301 463 1396 510; x_wconf 81' lang='lat' dir='ltr'>quae</span> <span class='ocrx_word' id='word_1_22' title='bbox 1414 463 1536 494; x_wconf 87' lang='lat' dir='ltr'>certe</span> <span class='ocrx_word' id='word_1_23' title='bbox 1553 448 1716 494; x_wconf 86' lang='lat' dir='ltr'>mortis</span> <span class='ocrx_word' id='word_1_24' title='bbox 1766 465 1910 502; x_wconf 76' lang='lat' dir='ltr'>oenam</span> <span class='ocrx_word' id='word_1_25' title='bbox 1925 451 1969 496; x_wconf 91' lang='lat' dir='ltr'>in</span> <span class='ocrx_word' id='word_1_26' title='bbox 1986 449 2136 498; x_wconf 84' lang='lat' dir='ltr'>furem</span> 
     </span>
     <span class='ocr_line' id='line_1_4' title="bbox 462 508 2136 570; baseline 0.002 -13"><span class='ocrx_word' id='word_1_27' title='bbox 462 526 555 557; x_wconf 89' lang='lat' dir='ltr'>non</span> <span class='ocrx_word' id='word_1_28' title='bbox 573 508 818 554; x_wconf 84' lang='lat' dir='ltr'>constituit.</span> <span class='ocrx_word' id='word_1_29' title='bbox 889 523 1068 555; x_wconf 69' lang='lat' dir='ltr'>raetcreu</span> <span class='ocrx_word' id='word_1_30' title='bbox 1086 526 1199 558; x_wconf 90' lang='lat' dir='ltr'>vcro</span> <span class='ocrx_word' id='word_1_31' title='bbox 1218 511 1289 555; x_wconf 84' lang='lat' dir='ltr'>lex</span> <span class='ocrx_word' id='word_1_32' title='bbox 1306 525 1388 556; x_wconf 89' lang='lat' dir='ltr'>nec</span> <span class='ocrx_word' id='word_1_33' title='bbox 1401 509 1542 558; x_wconf 78' lang='lat' dir='ltr'>debet</span> <span class='ocrx_word' id='word_1_34' title='bbox 1555 548 1567 567; x_wconf 95' lang='lat'>,</span> <span class='ocrx_word' id='word_1_35' title='bbox 1587 524 1669 556; x_wconf 88' lang='lat' dir='ltr'>nec</span> <span class='ocrx_word' id='word_1_36' title='bbox 1687 508 1735 556; x_wconf 89' lang='lat' dir='ltr'>so</span> <span class='ocrx_word' id='word_1_37' title='bbox 1756 526 1802 557; x_wconf 91' lang='lat' dir='ltr'>et</span> <span class='ocrx_word' id='word_1_38' title='bbox 1817 513 1884 570; x_wconf 83' lang='lat' dir='ltr'>jus</span> <span class='ocrx_word' id='word_1_39' title='bbox 1902 513 2012 560; x_wconf 84' lang='lat' dir='ltr'>dare</span> <span class='ocrx_word' id='word_1_40' title='bbox 2033 552 2044 570; x_wconf 92' lang='lat'>,</span> <span class='ocrx_word' id='word_1_41' title='bbox 2063 529 2136 561; x_wconf 87' lang='lat' dir='ltr'>ct·</span> 
     </span>
     <span class='ocr_line' id='line_1_5' title="bbox 462 572 2135 634; baseline 0.002 -14"><span class='ocrx_word' id='word_1_42' title='bbox 462 576 553 621; x_wconf 77' lang='lat' dir='ltr'>iam</span> <span class='ocrx_word' id='word_1_43' title='bbox 571 588 652 618; x_wconf 85' lang='lat' dir='ltr'>eos</span> <span class='ocrx_word' id='word_1_44' title='bbox 670 573 747 634; x_wconf 88' lang='lat' dir='ltr'>qui</span> <span class='ocrx_word' id='word_1_45' title='bbox 760 586 960 618; x_wconf 84' lang='lat' dir='ltr'>mortem</span> <span class='ocrx_word' id='word_1_46' title='bbox 976 587 1236 620; x_wconf 85' lang='lat' dir='ltr'>meruerunt</span> <span class='ocrx_word' id='word_1_47' title='bbox 1247 574 1459 629; x_wconf 73' lang='lat' dir='ltr'>privatim</span> <span class='ocrx_word' id='word_1_48' title='bbox 1478 572 1774 620; x_wconf 86' lang='lat' dir='ltr'>interficiendi</span> <span class='ocrx_word' id='word_1_49' title='bbox 1795 612 1806 630; x_wconf 87' lang='lat'>,</span> <span class='ocrx_word' id='word_1_50' title='bbox 1827 575 1902 621; x_wconf 85' lang='lat' dir='ltr'>nisi</span> <span class='ocrx_word' id='word_1_51' title='bbox 1920 576 1961 621; x_wconf 92' lang='lat' dir='ltr'>in</span> <span class='ocrx_word' id='word_1_52' title='bbox 1979 578 2135 623; x_wconf 90' lang='lat' dir='ltr'>crimi-</span> 
     </span>
     <span class='ocr_line' id='line_1_6' title="bbox 460 633 2137 698; baseline 0.001 -14"><span class='ocrx_word' id='word_1_53' title='bbox 460 638 589 684; x_wconf 82' lang='lat' dir='ltr'>nibus</span> <span class='ocrx_word' id='word_1_54' title='bbox 605 635 736 682; x_wconf 81' lang='lat' dir='ltr'>valde</span> <span class='ocrx_word' id='word_1_55' title='bbox 752 633 983 681; x_wconf 74' lang='lat' dir='ltr'>atrocibus</span> <span class='ocrx_word' id='word_1_56' title='bbox 1002 635 1201 698; x_wconf 86' lang='lat' dir='ltr'>:alioqui</span> <span class='ocrx_word' id='word_1_57' title='bbox 1233 635 1393 683; x_wconf 90' lang='lat' dir='ltr'>frustra</span> <span class='ocrx_word' id='word_1_58' title='bbox 1409 635 1605 682; x_wconf 87' lang='lat' dir='ltr'>instituta</span> <span class='ocrx_word' id='word_1_59' title='bbox 1620 634 1727 682; x_wconf 77' lang='lat' dir='ltr'>esset</span> <span class='ocrx_word' id='word_1_60' title='bbox 1750 636 2026 698; x_wconf 85' lang='lat' dir='ltr'>judiciorum</span> <span class='ocrx_word' id='word_1_61' title='bbox 2055 640 2137 686; x_wconf 65' lang='lat' dir='ltr'>aul·</span> 
     </span>
     <span class='ocr_line' id='line_1_7' title="bbox 459 697 2137 762; baseline 0.002 -15"><span class='ocrx_word' id='word_1_62' title='bbox 459 701 663 747; x_wconf 53' lang='lat' dir='ltr'>&amp;oritas</span> <span class='ocrx_word' id='word_1_63' title='bbox 696 700 849 757; x_wconf 74' lang='lat' dir='ltr'>Qare</span> <span class='ocrx_word' id='word_1_64' title='bbox 869 697 896 743; x_wconf 85' lang='lat' dir='ltr'>si</span> <span class='ocrx_word' id='word_1_65' title='bbox 917 698 1101 759; x_wconf 73' lang='lat' dir='ltr'>quando</span> <span class='ocrx_word' id='word_1_66' title='bbox 1118 699 1191 746; x_wconf 83' lang='lat' dir='ltr'>lex</span> <span class='ocrx_word' id='word_1_67' title='bbox 1207 702 1391 762; x_wconf 88' lang='lat' dir='ltr'>impune</span> <span class='ocrx_word' id='word_1_68' title='bbox 1419 697 1569 746; x_wconf 90' lang='lat' dir='ltr'>furem</span> <span class='ocrx_word' id='word_1_69' title='bbox 1603 697 1716 745; x_wconf 86' lang='lat' dir='ltr'>dicit</span> <span class='ocrx_word' id='word_1_70' title='bbox 1733 700 1922 747; x_wconf 88' lang='lat' dir='ltr'>interfici</span> <span class='ocrx_word' id='word_1_71' title='bbox 1941 739 1954 759; x_wconf 87' lang='lat'>‚</span> <span class='ocrx_word' id='word_1_72' title='bbox 1970 701 2137 750; x_wconf 80' lang='lat' dir='ltr'>tollere</span> 
     </span>
     <span class='ocr_line' id='line_1_8' title="bbox 460 760 1759 827; baseline 0.002 -19"><span class='ocrx_word' id='word_1_73' title='bbox 460 761 647 827; x_wconf 88' lang='lat' dir='ltr'>quidem</span> <span class='ocrx_word' id='word_1_74' title='bbox 667 777 847 824; x_wconf 72' lang='lat' dir='ltr'>pccnam</span> <span class='ocrx_word' id='word_1_75' title='bbox 860 761 1076 808; x_wconf 86' lang='lat' dir='ltr'>censenda</span> <span class='ocrx_word' id='word_1_76' title='bbox 1092 762 1168 819; x_wconf 85' lang='lat' dir='ltr'>est,</span> <span class='ocrx_word' id='word_1_77' title='bbox 1186 762 1263 809; x_wconf 90' lang='lat' dir='ltr'>sed</span> <span class='ocrx_word' id='word_1_78' title='bbox 1281 777 1371 808; x_wconf 90' lang='lat' dir='ltr'>non</span> <span class='ocrx_word' id='word_1_79' title='bbox 1389 763 1528 808; x_wconf 76' lang='lat' dir='ltr'>etiam</span> <span class='ocrx_word' id='word_1_80' title='bbox 1545 762 1615 821; x_wconf 87' lang='lat' dir='ltr'>jus</span> <span class='ocrx_word' id='word_1_81' title='bbox 1631 760 1759 810; x_wconf 83' lang='lat' dir='ltr'>dare.</span> 
     </span>
    </p>

    <p class='ocr_par' dir='ltr' id='par_1_3' title="bbox 457 823 2138 1328">
     <span class='ocr_line' id='line_1_9' title="bbox 526 823 2137 892; baseline 0.002 -21"><span class='ocrx_word' id='word_1_82' title='bbox 526 823 575 871; x_wconf 91' lang='lat' dir='ltr'><strong>X</strong></span> <span class='ocrx_word' id='word_1_83' title='bbox 587 823 645 870; x_wconf 90' lang='lat' dir='ltr'>V.</span> <span class='ocrx_word' id='word_1_84' title='bbox 685 826 752 870; x_wconf 80' lang='lat' dir='ltr'>Ex</span> <span class='ocrx_word' id='word_1_85' title='bbox 771 823 835 870; x_wconf 76' lang='lat' dir='ltr'>his</span> <span class='ocrx_word' id='word_1_86' title='bbox 854 840 947 886; x_wconf 76' lang='lat' dir='ltr'>qna‘</span> <span class='ocrx_word' id='word_1_87' title='bbox 961 825 1160 873; x_wconf 83' lang='lat' dir='ltr'>diximus</span> <span class='ocrx_word' id='word_1_88' title='bbox 1177 838 1365 888; x_wconf 85' lang='lat' dir='ltr'>apparet</span> <span class='ocrx_word' id='word_1_89' title='bbox 1394 824 1574 871; x_wconf 86' lang='lat' dir='ltr'>duobus</span> <span class='ocrx_word' id='word_1_90' title='bbox 1590 824 1746 872; x_wconf 86' lang='lat' dir='ltr'>modis</span> <span class='ocrx_word' id='word_1_91' title='bbox 1762 823 1884 886; x_wconf 83' lang='lat' dir='ltr'>poffe</span> <span class='ocrx_word' id='word_1_92' title='bbox 1900 826 2137 892; x_wconf 82' lang='lat' dir='ltr'>continge-</span> 
     </span>
     <span class='ocr_line' id='line_1_10' title="bbox 461 886 2134 952; baseline 0.001 -18"><span class='ocrx_word' id='word_1_93' title='bbox 461 904 509 934; x_wconf 90' lang='lat' dir='ltr'>re</span> <span class='ocrx_word' id='word_1_94' title='bbox 527 925 538 943; x_wconf 86' lang='lat'>‚</span> <span class='ocrx_word' id='word_1_95' title='bbox 558 903 607 934; x_wconf 88' lang='lat' dir='ltr'>ut</span> <span class='ocrx_word' id='word_1_96' title='bbox 624 891 648 933; x_wconf 75' lang='grc' dir='ltr'>ἒι</span> <span class='ocrx_word' id='word_1_97' title='bbox 663 889 847 949; x_wconf 82' lang='lat' dir='ltr'>privatis</span> <span class='ocrx_word' id='word_1_98' title='bbox 871 887 957 934; x_wconf 79' lang='lat' dir='ltr'>line</span> <span class='ocrx_word' id='word_1_99' title='bbox 989 904 1180 950; x_wconf 86' lang='lat' dir='ltr'>peccato</span> <span class='ocrx_word' id='word_1_100' title='bbox 1212 887 1469 951; x_wconf 80' lang='lat' dir='ltr'>suscipiatur</span> <span class='ocrx_word' id='word_1_101' title='bbox 1494 887 1721 949; x_wconf 61' lang='lat' dir='ltr'>singularis</span> <span class='ocrx_word' id='word_1_102' title='bbox 1752 886 1990 936; x_wconf 84' lang='lat' dir='ltr'>dimicatio</span> <span class='ocrx_word' id='word_1_103' title='bbox 2010 907 2021 937; x_wconf 75' lang='grc' dir='ltr'>ε</span> <span class='ocrx_word' id='word_1_104' title='bbox 2040 891 2134 952; x_wconf 87' lang='lat' dir='ltr'>pri-</span> 
     </span>
     <span class='ocr_line' id='line_1_11' title="bbox 459 938 2134 1015; baseline 0.001 -18"><span class='ocrx_word' id='word_1_105' title='bbox 459 967 588 997; x_wconf 88' lang='lat' dir='ltr'>mum</span> <span class='ocrx_word' id='word_1_106' title='bbox 605 988 617 1005; x_wconf 80' lang='lat'>‚</span> <span class='ocrx_word' id='word_1_107' title='bbox 639 950 668 996; x_wconf 82' lang='lat' dir='ltr'><strong>fi</strong></span> <span class='ocrx_word' id='word_1_108' title='bbox 686 950 861 996; x_wconf 78' lang='lat' dir='ltr'>invasor</span> <span class='ocrx_word' id='word_1_109' title='bbox 893 951 1119 998; x_wconf 86' lang='lat' dir='ltr'>concedat</span> <span class='ocrx_word' id='word_1_110' title='bbox 1148 951 1274 998; x_wconf 76' lang='lat' dir='ltr'>alteri</span> <span class='ocrx_word' id='word_1_111' title='bbox 1292 950 1520 998; x_wconf 74' lang='lat' dir='ltr'>licentiam</span> <span class='ocrx_word' id='word_1_112' title='bbox 1537 938 1786 997; x_wconf 83' lang='lat' dir='ltr'>dimicandi</span> <span class='ocrx_word' id='word_1_113' title='bbox 1806 986 1815 1000; x_wconf 92' lang='lat'>,</span> <span class='ocrx_word' id='word_1_114' title='bbox 1836 951 2005 1015; x_wconf 84' lang='lat' dir='ltr'>alioqui</span> <span class='ocrx_word' id='word_1_115' title='bbox 2025 969 2134 999; x_wconf 81' lang='lat' dir='ltr'>cum</span> 
     </span>
     <span class='ocr_line' id='line_1_12' title="bbox 457 1012 2138 1077; baseline 0.001 -17"><span class='ocrx_word' id='word_1_116' title='bbox 457 1014 683 1062; x_wconf 62' lang='lat' dir='ltr'>occisurus</span> <span class='ocrx_word' id='word_1_117' title='bbox 703 1013 787 1058; x_wconf 80' lang='lat' dir='ltr'>sine</span> <span class='ocrx_word' id='word_1_118' title='bbox 805 1013 1120 1062; x_wconf 75' lang='lat' dir='ltr'>dimicatione:</span> <span class='ocrx_word' id='word_1_119' title='bbox 1139 1013 1322 1070; x_wconf 89' lang='lat' dir='ltr'>deinde,</span> <span class='ocrx_word' id='word_1_120' title='bbox 1342 1013 1371 1060; x_wconf 81' lang='lat' dir='ltr'>si</span> <span class='ocrx_word' id='word_1_121' title='bbox 1389 1029 1469 1061; x_wconf 85' lang='lat' dir='ltr'>rex</span> <span class='ocrx_word' id='word_1_122' title='bbox 1482 1028 1558 1060; x_wconf 90' lang='lat' dir='ltr'>aut</span> <span class='ocrx_word' id='word_1_123' title='bbox 1575 1012 1855 1077; x_wconf 74' lang='lat' dir='ltr'>magistratus</span> <span class='ocrx_word' id='word_1_124' title='bbox 1868 1014 1985 1061; x_wconf 87' lang='lat' dir='ltr'>duos</span> <span class='ocrx_word' id='word_1_125' title='bbox 2004 1031 2138 1062; x_wconf 83' lang='lat' dir='ltr'>mor-</span> 
     </span>
     <span class='ocr_line' id='line_1_13' title="bbox 458 1075 2135 1140; baseline 0.001 -18"><span class='ocrx_word' id='word_1_126' title='bbox 458 1090 555 1122; x_wconf 88' lang='lat' dir='ltr'>tem</span> <span class='ocrx_word' id='word_1_127' title='bbox 572 1079 762 1122; x_wconf 86' lang='lat' dir='ltr'>meritos</span> <span class='ocrx_word' id='word_1_128' title='bbox 779 1077 896 1123; x_wconf 88' lang='lat' dir='ltr'>inter</span> <span class='ocrx_word' id='word_1_129' title='bbox 908 1075 934 1121; x_wconf 93' lang='lat' dir='ltr'><strong>s</strong></span> <span class='ocrx_word' id='word_1_130' title='bbox 929 1091 954 1121; x_wconf 92' lang='lat' dir='ltr'>e</span> <span class='ocrx_word' id='word_1_131' title='bbox 970 1079 1230 1124; x_wconf 84' lang='lat' dir='ltr'>committat</span> <span class='ocrx_word' id='word_1_132' title='bbox 1251 1097 1263 1133; x_wconf 90' lang='lat'>;</span> <span class='ocrx_word' id='word_1_133' title='bbox 1279 1076 1406 1140; x_wconf 83' lang='lat' dir='ltr'>quod</span> <span class='ocrx_word' id='word_1_134' title='bbox 1424 1075 1452 1123; x_wconf 81' lang='lat' dir='ltr'><strong>fi</strong></span> <span class='ocrx_word' id='word_1_135' title='bbox 1468 1077 1542 1123; x_wconf 83' lang='lat' dir='ltr'>fiat</span> <span class='ocrx_word' id='word_1_136' title='bbox 1559 1115 1570 1134; x_wconf 90' lang='lat'>,</span> <span class='ocrx_word' id='word_1_137' title='bbox 1587 1077 1672 1125; x_wconf 73' lang='lat' dir='ltr'>iuis</span> <span class='ocrx_word' id='word_1_138' title='bbox 1685 1076 1869 1139; x_wconf 83' lang='lat' dir='ltr'>quidem</span> <span class='ocrx_word' id='word_1_139' title='bbox 1893 1078 2047 1125; x_wconf 77' lang='lat' dir='ltr'>licebit</span> <span class='ocrx_word' id='word_1_140' title='bbox 2061 1092 2135 1124; x_wconf 76' lang='lat' dir='ltr'>ar-</span> 
     </span>
     <span class='ocr_line' id='line_1_14' title="bbox 462 1137 2129 1201; baseline 0.001 -17"><span class='ocrx_word' id='word_1_141' title='bbox 462 1141 609 1200; x_wconf 80' lang='lat' dir='ltr'>ripere</span> <span class='ocrx_word' id='word_1_142' title='bbox 628 1137 748 1201; x_wconf 86' lang='lat' dir='ltr'>spem</span> <span class='ocrx_word' id='word_1_143' title='bbox 769 1137 931 1186; x_wconf 79' lang='lat' dir='ltr'>salutis.</span> <span class='ocrx_word' id='word_1_144' title='bbox 947 1154 992 1187; x_wconf 84' lang='lat' dir='ltr'>at</span> <span class='ocrx_word' id='word_1_145' title='bbox 1004 1142 1077 1201; x_wconf 86' lang='lat' dir='ltr'>qui</span> <span class='ocrx_word' id='word_1_146' title='bbox 1097 1140 1145 1186; x_wconf 89' lang='lat' dir='ltr'>id</span> <span class='ocrx_word' id='word_1_147' title='bbox 1162 1139 1284 1200; x_wconf 75' lang='lat' dir='ltr'>jussit</span> <span class='ocrx_word' id='word_1_148' title='bbox 1299 1178 1309 1196; x_wconf 89' lang='lat'>,</span> <span class='ocrx_word' id='word_1_149' title='bbox 1330 1140 1366 1186; x_wconf 86' lang='lat' dir='ltr'>is</span> <span class='ocrx_word' id='word_1_150' title='bbox 1378 1141 1524 1187; x_wconf 87' lang='lat' dir='ltr'>minus</span> <span class='ocrx_word' id='word_1_151' title='bbox 1541 1138 1661 1186; x_wconf 65' lang='lat' dir='ltr'>reste</span> <span class='ocrx_word' id='word_1_152' title='bbox 1690 1138 1851 1186; x_wconf 87' lang='lat' dir='ltr'>officio</span> <span class='ocrx_word' id='word_1_153' title='bbox 1867 1138 2043 1187; x_wconf 47' lang='lat' dir='ltr'>functus</span> <span class='ocrx_word' id='word_1_154' title='bbox 2063 1141 2129 1186; x_wconf 85' lang='lat' dir='ltr'>vi-</span> 
     </span>
     <span class='ocr_line' id='line_1_15' title="bbox 461 1200 2127 1267; baseline 0.001 -19"><span class='ocrx_word' id='word_1_155' title='bbox 461 1201 645 1250; x_wconf 82' lang='lat' dir='ltr'>debitur</span> <span class='ocrx_word' id='word_1_156' title='bbox 663 1240 674 1257; x_wconf 93' lang='lat'>‚</span> <span class='ocrx_word' id='word_1_157' title='bbox 690 1217 795 1248; x_wconf 89' lang='lat' dir='ltr'>cum</span> <span class='ocrx_word' id='word_1_158' title='bbox 822 1200 953 1249; x_wconf 78' lang='lat' dir='ltr'>satius</span> <span class='ocrx_word' id='word_1_159' title='bbox 984 1202 1129 1252; x_wconf 74' lang='lat' dir='ltr'>fuiss&#39;et</span> <span class='ocrx_word' id='word_1_160' title='bbox 1150 1242 1162 1261; x_wconf 92' lang='lat'>‚</span> <span class='ocrx_word' id='word_1_161' title='bbox 1178 1204 1208 1251; x_wconf 87' lang='lat' dir='ltr'>fi</span> <span class='ocrx_word' id='word_1_162' title='bbox 1228 1204 1353 1250; x_wconf 88' lang='lat' dir='ltr'>unius</span> <span class='ocrx_word' id='word_1_163' title='bbox 1368 1204 1632 1267; x_wconf 83' lang='lat' dir='ltr'>supplicium</span> <span class='ocrx_word' id='word_1_164' title='bbox 1650 1201 1851 1251; x_wconf 86' lang='lat' dir='ltr'>sufficere</span> <span class='ocrx_word' id='word_1_165' title='bbox 1867 1202 2127 1262; x_wconf 84' lang='lat' dir='ltr'>videbatur,</span> 
     </span>
     <span class='ocr_line' id='line_1_16' title="bbox 458 1262 1006 1328; baseline 0.004 -18"><span class='ocrx_word' id='word_1_166' title='bbox 458 1262 581 1311; x_wconf 89' lang='lat' dir='ltr'>sorte</span> <span class='ocrx_word' id='word_1_167' title='bbox 599 1264 703 1328; x_wconf 79' lang='lat' dir='ltr'>eligi</span> <span class='ocrx_word' id='word_1_168' title='bbox 717 1266 1006 1312; x_wconf 88' lang='lat' dir='ltr'>moriturum.</span> 
     </span>
    </p>

    <p class='ocr_par' dir='ltr' id='par_1_4' title="bbox 455 1326 2136 2084">
     <span class='ocr_line' id='line_1_17' title="bbox 524 1326 2134 1392; baseline 0.001 -17"><span class='ocrx_word' id='word_1_169' title='bbox 524 1327 575 1375; x_wconf 85' lang='lat' dir='ltr'>X</span> <span class='ocrx_word' id='word_1_170' title='bbox 588 1326 629 1375; x_wconf 95' lang='lat' dir='ltr'>V</span> <span class='ocrx_word' id='word_1_171' title='bbox 644 1328 679 1374; x_wconf 89' lang='lat'>1.</span> <span class='ocrx_word' id='word_1_172' title='bbox 715 1329 825 1390; x_wconf 82' lang='lat' dir='ltr'>Qae</span> <span class='ocrx_word' id='word_1_173' title='bbox 836 1344 948 1375; x_wconf 87' lang='lat' dir='ltr'>vero</span> <span class='ocrx_word' id='word_1_174' title='bbox 963 1328 1084 1376; x_wconf 68' lang='lat' dir='ltr'>dista</span> <span class='ocrx_word' id='word_1_175' title='bbox 1095 1331 1121 1375; x_wconf 74' lang='grc' dir='ltr'>Ξι</span> <span class='ocrx_word' id='word_1_176' title='bbox 1134 1329 1267 1377; x_wconf 87' lang='lat' dir='ltr'>nobis</span> <span class='ocrx_word' id='word_1_177' title='bbox 1284 1330 1370 1376; x_wconf 89' lang='lat' dir='ltr'>huc</span> <span class='ocrx_word' id='word_1_178' title='bbox 1385 1328 1522 1392; x_wconf 88' lang='lat' dir='ltr'>usque</span> <span class='ocrx_word' id='word_1_179' title='bbox 1535 1327 1631 1376; x_wconf 90' lang='lat' dir='ltr'>sunt</span> <span class='ocrx_word' id='word_1_180' title='bbox 1643 1328 1703 1376; x_wconf 91' lang='lat' dir='ltr'>de</span> <span class='ocrx_word' id='word_1_181' title='bbox 1728 1329 1831 1390; x_wconf 91' lang='lat' dir='ltr'>jure</span> <span class='ocrx_word' id='word_1_182' title='bbox 1850 1329 2007 1377; x_wconf 90' lang='lat' dir='ltr'>tuendi</span> <span class='ocrx_word' id='word_1_183' title='bbox 2025 1328 2067 1377; x_wconf 86' lang='lat' dir='ltr'>se</span> <span class='ocrx_word' id='word_1_184' title='bbox 2080 1345 2134 1377; x_wconf 89' lang='lat' dir='ltr'>ac</span> 
     </span>
     <span class='ocr_line' id='line_1_18' title="bbox 461 1390 2134 1456; baseline 0.001 -18"><span class='ocrx_word' id='word_1_185' title='bbox 461 1390 550 1443; x_wconf 87' lang='lat' dir='ltr'>sua,</span> <span class='ocrx_word' id='word_1_186' title='bbox 568 1391 768 1436; x_wconf 81' lang='lat' dir='ltr'>maxime</span> <span class='ocrx_word' id='word_1_187' title='bbox 785 1390 972 1453; x_wconf 88' lang='lat' dir='ltr'>quidem</span> <span class='ocrx_word' id='word_1_188' title='bbox 987 1391 1045 1438; x_wconf 89' lang='lat' dir='ltr'>ad</span> <span class='ocrx_word' id='word_1_189' title='bbox 1064 1390 1232 1440; x_wconf 84' lang='lat' dir='ltr'>bellum</span> <span class='ocrx_word' id='word_1_190' title='bbox 1247 1395 1470 1456; x_wconf 84' lang='lat' dir='ltr'>privatum</span> <span class='ocrx_word' id='word_1_191' title='bbox 1487 1393 1712 1456; x_wconf 83' lang='lat' dir='ltr'>pertinent</span> <span class='ocrx_word' id='word_1_192' title='bbox 1730 1430 1742 1448; x_wconf 94' lang='lat'>‚</span> <span class='ocrx_word' id='word_1_193' title='bbox 1775 1393 1800 1420; x_wconf 86' lang='grc'>*</span> <span class='ocrx_word' id='word_1_194' title='bbox 1834 1391 1993 1441; x_wconf 87' lang='lat' dir='ltr'>sedita</span> <span class='ocrx_word' id='word_1_195' title='bbox 2008 1407 2059 1439; x_wconf 88' lang='lat' dir='ltr'>ut</span> <span class='ocrx_word' id='word_1_196' title='bbox 2073 1392 2134 1440; x_wconf 84' lang='lat' dir='ltr'>ad</span> 
     </span>
     <span class='ocr_line' id='line_1_19' title="bbox 458 1453 2132 1524; baseline 0.002 -25"><span class='ocrx_word' id='word_1_197' title='bbox 458 1453 690 1524; x_wconf 81' lang='lat' dir='ltr'>publicum</span> <span class='ocrx_word' id='word_1_198' title='bbox 705 1468 885 1516; x_wconf 88' lang='lat' dir='ltr'>quoque</span> <span class='ocrx_word' id='word_1_199' title='bbox 905 1459 1048 1517; x_wconf 79' lang='lat' dir='ltr'>aptari</span> <span class='ocrx_word' id='word_1_200' title='bbox 1065 1455 1261 1503; x_wconf 88' lang='lat' dir='ltr'>debeant</span> <span class='ocrx_word' id='word_1_201' title='bbox 1283 1493 1295 1512; x_wconf 90' lang='lat'>,</span> <span class='ocrx_word' id='word_1_202' title='bbox 1324 1455 1480 1503; x_wconf 80' lang='lat' dir='ltr'>habita</span> <span class='ocrx_word' id='word_1_203' title='bbox 1494 1454 1763 1503; x_wconf 82' lang='lat' dir='ltr'>diverfitatis</span> <span class='ocrx_word' id='word_1_204' title='bbox 1778 1458 1967 1503; x_wconf 83' lang='lat' dir='ltr'>ratione.</span> <span class='ocrx_word' id='word_1_205' title='bbox 2002 1453 2132 1503; x_wconf 89' lang='lat' dir='ltr'>Nam</span> 
     </span>
     <span class='ocr_line' id='line_1_20' title="bbox 456 1516 2133 1625; baseline 0.001 -62"><span class='ocrx_word' id='word_1_206' title='bbox 456 1517 700 1625; x_wconf 57' lang='lat' dir='ltr'>1n&lt;privato</span> <span class='ocrx_word' id='word_1_207' title='bbox 733 1517 856 1564; x_wconf 86' lang='lat' dir='ltr'>bello</span> <span class='ocrx_word' id='word_1_208' title='bbox 875 1518 944 1577; x_wconf 85' lang='lat' dir='ltr'>jus</span> <span class='ocrx_word' id='word_1_209' title='bbox 978 1517 1099 1582; x_wconf 84' lang='lat' dir='ltr'>quafi</span> <span class='ocrx_word' id='word_1_210' title='bbox 1114 1532 1491 1571; x_wconf 79' lang='lat' dir='ltr'>momentaneum</span> <span class='ocrx_word' id='word_1_211' title='bbox 1508 1517 1570 1565; x_wconf 91' lang='lat' dir='ltr'>est</span> <span class='ocrx_word' id='word_1_212' title='bbox 1589 1553 1599 1568; x_wconf 86' lang='lat'>‚</span> <span class='ocrx_word' id='word_1_213' title='bbox 1630 1519 1679 1565; x_wconf 75' lang='grc' dir='ltr'>δε</span> <span class='ocrx_word' id='word_1_214' title='bbox 1713 1517 1846 1565; x_wconf 78' lang='lat' dir='ltr'>ceffat</span> <span class='ocrx_word' id='word_1_215' title='bbox 1864 1516 2133 1581; x_wconf 75' lang='lat' dir='ltr'>simulatque</span> 
     </span>
     <span class='ocr_line' id='line_1_21' title="bbox 457 1578 2133 1644; baseline 0.001 -19"><span class='ocrx_word' id='word_1_216' title='bbox 457 1581 505 1640; x_wconf 87' lang='lat' dir='ltr'>ju</span> <span class='ocrx_word' id='word_1_217' title='bbox 542 1579 658 1625; x_wconf 89' lang='lat' dir='ltr'>icem</span> <span class='ocrx_word' id='word_1_218' title='bbox 676 1578 792 1625; x_wconf 82' lang='lat' dir='ltr'>adiri</span> <span class='ocrx_word' id='word_1_219' title='bbox 822 1595 889 1626; x_wconf 85' lang='lat' dir='ltr'>res</span> <span class='ocrx_word' id='word_1_220' title='bbox 935 1585 1092 1629; x_wconf 87' lang='lat' dir='ltr'>atitur.</span> <span class='ocrx_word' id='word_1_221' title='bbox 1129 1583 1189 1628; x_wconf 86' lang='lat' dir='ltr'>At</span> <span class='ocrx_word' id='word_1_222' title='bbox 1217 1580 1449 1644; x_wconf 88' lang='lat' dir='ltr'>publicum</span> <span class='ocrx_word' id='word_1_223' title='bbox 1474 1582 1580 1643; x_wconf 87' lang='lat' dir='ltr'>quia</span> <span class='ocrx_word' id='word_1_224' title='bbox 1592 1582 1842 1628; x_wconf 90' lang='lat' dir='ltr'>nonoritur</span> <span class='ocrx_word' id='word_1_225' title='bbox 1858 1581 1937 1629; x_wconf 74' lang='lat' dir='ltr'>nisi</span> <span class='ocrx_word' id='word_1_226' title='bbox 1950 1580 2025 1628; x_wconf 90' lang='lat' dir='ltr'>ubi</span> <span class='ocrx_word' id='word_1_227' title='bbox 2041 1596 2133 1627; x_wconf 83' lang='lat' dir='ltr'>non</span> 
     </span>
     <span class='ocr_line' id='line_1_22' title="bbox 455 1597 2136 1708; baseline -0.001 -18"><span class='ocrx_word' id='word_1_228' title='bbox 455 1642 556 1690; x_wconf 87' lang='lat' dir='ltr'>sunt</span> <span class='ocrx_word' id='word_1_229' title='bbox 575 1658 650 1689; x_wconf 87' lang='lat' dir='ltr'>aut</span> <span class='ocrx_word' id='word_1_230' title='bbox 667 1641 830 1689; x_wconf 78' lang='lat' dir='ltr'>celsant</span> <span class='ocrx_word' id='word_1_231' title='bbox 847 1597 1016 1702; x_wconf 53' lang='lat' dir='ltr'>judicia</span> <span class='ocrx_word' id='word_1_232' title='bbox 1034 1684 1044 1700; x_wconf 89' lang='lat'>‚</span> <span class='ocrx_word' id='word_1_233' title='bbox 1067 1644 1261 1692; x_wconf 50' lang='lat' dir='ltr'>traditum</span> <span class='ocrx_word' id='word_1_234' title='bbox 1294 1644 1430 1691; x_wconf 85' lang='lat' dir='ltr'>habet</span> <span class='ocrx_word' id='word_1_235' title='bbox 1446 1682 1457 1700; x_wconf 89' lang='lat'>,</span> <span class='ocrx_word' id='word_1_236' title='bbox 1477 1646 1526 1690; x_wconf 87' lang='lat'>&amp;</span> <span class='ocrx_word' id='word_1_237' title='bbox 1556 1659 1634 1708; x_wconf 89' lang='lat' dir='ltr'>per</span> <span class='ocrx_word' id='word_1_238' title='bbox 1695 1657 1776 1691; x_wconf 90' lang='lat' dir='ltr'>tuo</span> <span class='ocrx_word' id='word_1_239' title='bbox 1794 1640 1981 1691; x_wconf 90' lang='lat' dir='ltr'>fovetur</span> <span class='ocrx_word' id='word_1_240' title='bbox 1998 1658 2136 1691; x_wconf 86' lang='lat' dir='ltr'>acce-</span> 
     </span>
     <span class='ocr_line' id='line_1_23' title="bbox 459 1705 2132 1769; baseline 0 -17"><span class='ocrx_word' id='word_1_241' title='bbox 459 1705 669 1752; x_wconf 80' lang='lat' dir='ltr'>dentibus</span> <span class='ocrx_word' id='word_1_242' title='bbox 688 1706 818 1752; x_wconf 82' lang='lat' dir='ltr'>novis</span> <span class='ocrx_word' id='word_1_243' title='bbox 831 1705 1007 1754; x_wconf 82' lang='lat' dir='ltr'>damnis</span> <span class='ocrx_word' id='word_1_244' title='bbox 1031 1709 1079 1753; x_wconf 84' lang='lat'>&amp;</span> <span class='ocrx_word' id='word_1_245' title='bbox 1095 1709 1280 1768; x_wconf 78' lang='lat' dir='ltr'>injuriis.</span> <span class='ocrx_word' id='word_1_246' title='bbox 1318 1707 1542 1755; x_wconf 73' lang='lat' dir='ltr'>Praeterea</span> <span class='ocrx_word' id='word_1_247' title='bbox 1569 1708 1615 1753; x_wconf 89' lang='lat' dir='ltr'>in</span> <span class='ocrx_word' id='word_1_248' title='bbox 1673 1705 1763 1754; x_wconf 88' lang='lat' dir='ltr'>ello</span> <span class='ocrx_word' id='word_1_249' title='bbox 1785 1707 1968 1769; x_wconf 86' lang='lat' dir='ltr'>privato</span> <span class='ocrx_word' id='word_1_250' title='bbox 1984 1705 2132 1752; x_wconf 86' lang='lat' dir='ltr'>ferme</span> 
     </span>
     <span class='ocr_line' id='line_1_24' title="bbox 458 1767 2132 1833; baseline 0 -18"><span class='ocrx_word' id='word_1_251' title='bbox 458 1768 664 1815; x_wconf 73' lang='lat' dir='ltr'>defensio</span> <span class='ocrx_word' id='word_1_252' title='bbox 686 1783 810 1816; x_wconf 89' lang='lat' dir='ltr'>mera</span> <span class='ocrx_word' id='word_1_253' title='bbox 825 1770 1152 1818; x_wconf 78' lang='lat' dir='ltr'>consideratur.</span> <span class='ocrx_word' id='word_1_254' title='bbox 1169 1786 1215 1818; x_wconf 92' lang='lat' dir='ltr'>at</span> <span class='ocrx_word' id='word_1_255' title='bbox 1230 1771 1416 1832; x_wconf 78' lang='lat' dir='ltr'>publicae</span> <span class='ocrx_word' id='word_1_256' title='bbox 1432 1768 1674 1833; x_wconf 81' lang='lat' dir='ltr'>potestates</span> <span class='ocrx_word' id='word_1_257' title='bbox 1688 1785 1797 1816; x_wconf 90' lang='lat' dir='ltr'>cum</span> <span class='ocrx_word' id='word_1_258' title='bbox 1814 1767 2132 1817; x_wconf 81' lang='lat' dir='ltr'>defensione&amp;</span> 
     </span>
     <span class='ocr_line' id='line_1_25' title="bbox 458 1831 2131 1897; baseline -0.001 -19"><span class='ocrx_word' id='word_1_259' title='bbox 458 1831 699 1879; x_wconf 89' lang='lat' dir='ltr'>ulciscendi</span> <span class='ocrx_word' id='word_1_260' title='bbox 717 1831 883 1879; x_wconf 68' lang='lat' dir='ltr'>habent</span> <span class='ocrx_word' id='word_1_261' title='bbox 901 1835 966 1892; x_wconf 89' lang='lat' dir='ltr'>jus</span> <span class='ocrx_word' id='word_1_262' title='bbox 987 1851 997 1882; x_wconf 92' lang='lat'><strong>:</strong></span> <span class='ocrx_word' id='word_1_263' title='bbox 1027 1834 1160 1881; x_wconf 83' lang='lat' dir='ltr'>Vnde</span> <span class='ocrx_word' id='word_1_264' title='bbox 1190 1835 1275 1881; x_wconf 86' lang='lat' dir='ltr'>illis</span> <span class='ocrx_word' id='word_1_265' title='bbox 1304 1835 1408 1880; x_wconf 87' lang='lat' dir='ltr'>licet</span> <span class='ocrx_word' id='word_1_266' title='bbox 1435 1833 1678 1896; x_wconf 79' lang='lat' dir='ltr'>praevenire</span> <span class='ocrx_word' id='word_1_267' title='bbox 1709 1833 1802 1879; x_wconf 90' lang='lat' dir='ltr'>vim</span> <span class='ocrx_word' id='word_1_268' title='bbox 1819 1848 1911 1879; x_wconf 90' lang='lat' dir='ltr'>non</span> <span class='ocrx_word' id='word_1_269' title='bbox 1941 1831 2131 1897; x_wconf 77' lang='lat' dir='ltr'>praesen-</span> 
     </span>
     <span class='ocr_line' id='line_1_26' title="bbox 457 1893 2130 1960; baseline -0.001 -19"><span class='ocrx_word' id='word_1_270' title='bbox 457 1906 553 1941; x_wconf 88' lang='lat' dir='ltr'>tem</span> <span class='ocrx_word' id='word_1_271' title='bbox 577 1933 588 1951; x_wconf 94' lang='lat'>,</span> <span class='ocrx_word' id='word_1_272' title='bbox 605 1894 680 1941; x_wconf 85' lang='lat' dir='ltr'>sed</span> <span class='ocrx_word' id='word_1_273' title='bbox 694 1911 786 1956; x_wconf 78' lang='lat' dir='ltr'>quae</span> <span class='ocrx_word' id='word_1_274' title='bbox 805 1895 864 1942; x_wconf 88' lang='lat' dir='ltr'>de</span> <span class='ocrx_word' id='word_1_275' title='bbox 877 1897 1018 1960; x_wconf 76' lang='lat' dir='ltr'>longo</span> <span class='ocrx_word' id='word_1_276' title='bbox 1037 1899 1274 1944; x_wconf 83' lang='lat' dir='ltr'>imminere</span> <span class='ocrx_word' id='word_1_277' title='bbox 1288 1896 1496 1943; x_wconf 83' lang='lat' dir='ltr'>videatur</span> <span class='ocrx_word' id='word_1_278' title='bbox 1515 1934 1525 1952; x_wconf 93' lang='lat'><strong><em>,</em></strong></span> <span class='ocrx_word' id='word_1_279' title='bbox 1537 1910 1628 1943; x_wconf 89' lang='lat' dir='ltr'>non</span> <span class='ocrx_word' id='word_1_280' title='bbox 1642 1893 1810 1941; x_wconf 66' lang='lat' dir='ltr'>direste</span> <span class='ocrx_word' id='word_1_281' title='bbox 1828 1899 1842 1954; x_wconf 93' lang='lat'><strong>(</strong></span> <span class='ocrx_word' id='word_1_282' title='bbox 1860 1894 1906 1941; x_wconf 86' lang='lat' dir='ltr'>id</span> <span class='ocrx_word' id='word_1_283' title='bbox 1922 1897 2044 1942; x_wconf 88' lang='lat' dir='ltr'>enim</span> <span class='ocrx_word' id='word_1_284' title='bbox 2060 1896 2130 1941; x_wconf 92' lang='lat' dir='ltr'>in-</span> 
     </span>
     <span class='ocr_line' id='line_1_27' title="bbox 457 1956 2131 2019; baseline 0.002 -16"><span class='ocrx_word' id='word_1_285' title='bbox 457 1957 620 2018; x_wconf 85' lang='lat' dir='ltr'>justum</span> <span class='ocrx_word' id='word_1_286' title='bbox 651 1958 736 2005; x_wconf 82' lang='lat' dir='ltr'>effe</span> <span class='ocrx_word' id='word_1_287' title='bbox 756 1956 798 2004; x_wconf 83' lang='lat' dir='ltr'>su</span> <span class='ocrx_word' id='word_1_288' title='bbox 833 1975 880 2004; x_wconf 83' lang='lat' dir='ltr'>ra</span> <span class='ocrx_word' id='word_1_289' title='bbox 903 1958 1144 2007; x_wconf 80' lang='lat' dir='ltr'>docuimus</span> <span class='ocrx_word' id='word_1_290' title='bbox 1164 1965 1180 2019; x_wconf 74' lang='lat' dir='ltr'>J</span> <span class='ocrx_word' id='word_1_291' title='bbox 1211 1961 1286 2006; x_wconf 86' lang='lat' dir='ltr'>sed</span> <span class='ocrx_word' id='word_1_292' title='bbox 1304 1957 1520 2007; x_wconf 57' lang='lat' dir='ltr'>inducite</span> <span class='ocrx_word' id='word_1_293' title='bbox 1536 1956 1790 2004; x_wconf 82' lang='lat' dir='ltr'>ulciscendo</span> <span class='ocrx_word' id='word_1_294' title='bbox 1807 1956 2023 2005; x_wconf 58' lang='lat' dir='ltr'>delicium</span> <span class='ocrx_word' id='word_1_295' title='bbox 2033 1974 2131 2006; x_wconf 88' lang='lat' dir='ltr'>coe-</span> 
     </span>
     <span class='ocr_line' id='line_1_28' title="bbox 458 1975 2097 2084; baseline 0 -18"><span class='ocrx_word' id='word_1_296' title='bbox 458 2035 589 2082; x_wconf 86' lang='lat' dir='ltr'>ptum</span> <span class='ocrx_word' id='word_1_297' title='bbox 617 2022 724 2078; x_wconf 85' lang='lat' dir='ltr'>jam,</span> <span class='ocrx_word' id='word_1_298' title='bbox 745 1975 829 2066; x_wconf 65' lang='lat' dir='ltr'>sed³</span> <span class='ocrx_word' id='word_1_299' title='bbox 842 2037 932 2068; x_wconf 89' lang='lat' dir='ltr'>non</span> <span class='ocrx_word' id='word_1_300' title='bbox 947 2023 1313 2070; x_wconf 77' lang='lat' dir='ltr'>consummatum</span> <span class='ocrx_word' id='word_1_301' title='bbox 1336 2040 1346 2071; x_wconf 92' lang='grc'>;</span> <span class='ocrx_word' id='word_1_302' title='bbox 1364 2022 1422 2068; x_wconf 88' lang='lat' dir='ltr'>de</span> <span class='ocrx_word' id='word_1_303' title='bbox 1441 2037 1534 2084; x_wconf 89' lang='lat' dir='ltr'>quo</span> <span class='ocrx_word' id='word_1_304' title='bbox 1552 2019 1715 2084; x_wconf 83' lang='lat' dir='ltr'>agendi</span> <span class='ocrx_word' id='word_1_305' title='bbox 1731 2022 1814 2067; x_wconf 84' lang='lat' dir='ltr'>erit</span> <span class='ocrx_word' id='word_1_306' title='bbox 1827 2020 1933 2068; x_wconf 83' lang='lat' dir='ltr'>alibi</span> <span class='ocrx_word' id='word_1_307' title='bbox 1950 2022 2097 2068; x_wconf 84' lang='lat' dir='ltr'>locus.</span> 
     </span>
    </p>

    <p class='ocr_par' dir='ltr' id='par_1_5' title="bbox 453 2081 2130 2210">
     <span class='ocr_line' id='line_1_29' title="bbox 522 2081 2130 2146; baseline -0.001 -15"><span class='ocrx_word' id='word_1_308' title='bbox 522 2082 572 2131; x_wconf 91' lang='lat' dir='ltr'>X</span> <span class='ocrx_word' id='word_1_309' title='bbox 589 2081 630 2129; x_wconf 94' lang='lat' dir='ltr'>V</span> <span class='ocrx_word' id='word_1_310' title='bbox 650 2083 718 2130; x_wconf 87' lang='lat'>11.</span> <span class='ocrx_word' id='word_1_311' title='bbox 758 2084 876 2130; x_wconf 87' lang='lat' dir='ltr'>Illud</span> <span class='ocrx_word' id='word_1_312' title='bbox 894 2102 1006 2131; x_wconf 83' lang='lat' dir='ltr'>vero</span> <span class='ocrx_word' id='word_1_313' title='bbox 1023 2088 1209 2132; x_wconf 86' lang='lat' dir='ltr'>minime</span> <span class='ocrx_word' id='word_1_314' title='bbox 1241 2084 1481 2131; x_wconf 81' lang='lat' dir='ltr'>ferendum</span> <span class='ocrx_word' id='word_1_315' title='bbox 1499 2083 1560 2130; x_wconf 89' lang='lat' dir='ltr'>est</span> <span class='ocrx_word' id='word_1_316' title='bbox 1577 2081 1706 2146; x_wconf 89' lang='lat' dir='ltr'>quod</span> <span class='ocrx_word' id='word_1_317' title='bbox 1723 2082 1907 2146; x_wconf 82' lang='lat' dir='ltr'>quidam</span> <span class='ocrx_word' id='word_1_318' title='bbox 1925 2083 2130 2130; x_wconf 76' lang='lat' dir='ltr'>tradide-</span> 
     </span>
     <span class='ocr_line' id='line_1_30' title="bbox 453 2145 2128 2210; baseline 0.002 -19"><span class='ocrx_word' id='word_1_319' title='bbox 453 2159 557 2192; x_wconf 84' lang='lat' dir='ltr'>runt</span> <span class='ocrx_word' id='word_1_320' title='bbox 576 2181 586 2196; x_wconf 93' lang='lat'><em>,</em></span> <span class='ocrx_word' id='word_1_321' title='bbox 606 2148 703 2205; x_wconf 85' lang='lat' dir='ltr'>jure</span> <span class='ocrx_word' id='word_1_322' title='bbox 734 2148 937 2210; x_wconf 79' lang='lat' dir='ltr'>gentium</span> <span class='ocrx_word' id='word_1_323' title='bbox 972 2165 1099 2196; x_wconf 76' lang='lat' dir='ltr'>arma</span> <span class='ocrx_word' id='word_1_324' title='bbox 1126 2149 1247 2204; x_wconf 66' lang='lat' dir='ltr'>reste</span> <span class='ocrx_word' id='word_1_325' title='bbox 1281 2148 1389 2194; x_wconf 82' lang='lat' dir='ltr'>sumi</span> <span class='ocrx_word' id='word_1_326' title='bbox 1422 2145 1474 2192; x_wconf 79' lang='lat' dir='ltr'>ad</span> <span class='ocrx_word' id='word_1_327' title='bbox 1503 2146 1856 2193; x_wconf 84' lang='lat' dir='ltr'>imminuendam</span> <span class='ocrx_word' id='word_1_328' title='bbox 1875 2146 2128 2208; x_wconf 88' lang='lat' dir='ltr'>potentiam</span> 
     </span>
    </p>

    <p class='ocr_par' dir='ltr' id='par_1_6' title="bbox 220 2206 2129 2271">
     <span class='ocr_line' id='line_1_31' title="bbox 220 2206 2129 2271; baseline 0.002 -17"><span class='ocrx_word' id='word_1_329' title='bbox 220 2211 307 2246; x_wconf 58' lang='lat' dir='ltr'>mh.</span> <span class='ocrx_word' id='word_1_330' title='bbox 321 2211 416 2247; x_wconf 65' lang='lat' dir='ltr'>Gm-</span> <span class='ocrx_word' id='word_1_331' title='bbox 452 2206 744 2262; x_wconf 78' lang='lat' dir='ltr'>crescentem,</span> <span class='ocrx_word' id='word_1_332' title='bbox 763 2226 858 2270; x_wconf 79' lang='lat' dir='ltr'>qnae</span> <span class='ocrx_word' id='word_1_333' title='bbox 875 2212 1061 2255; x_wconf 89' lang='lat' dir='ltr'>nimium</span> <span class='ocrx_word' id='word_1_334' title='bbox 1079 2210 1204 2257; x_wconf 74' lang='lat' dir='ltr'>auCta</span> <span class='ocrx_word' id='word_1_335' title='bbox 1223 2226 1389 2256; x_wconf 88' lang='lat' dir='ltr'>nocere</span> <span class='ocrx_word' id='word_1_336' title='bbox 1403 2209 1559 2271; x_wconf 82' lang='lat' dir='ltr'>posset.</span> <span class='ocrx_word' id='word_1_337' title='bbox 1596 2209 1762 2256; x_wconf 81' lang='lat' dir='ltr'>Fateor</span> <span class='ocrx_word' id='word_1_338' title='bbox 1780 2209 1826 2255; x_wconf 89' lang='lat' dir='ltr'>in</span> <span class='ocrx_word' id='word_1_339' title='bbox 1840 2208 2129 2257; x_wconf 80' lang='lat' dir='ltr'>consultatio-</span> 
     </span>
    </p>

    <p class='ocr_par' dir='ltr' id='par_1_7' title="bbox 219 2256 2128 2396">
     <span class='ocr_line' id='line_1_32' title="bbox 219 2256 2128 2330; baseline 0.001 -13"><span class='ocrx_word' id='word_1_340' title='bbox 219 2256 279 2291; x_wconf 51' lang='grc' dir='ltr'>α’·</span> <span class='ocrx_word' id='word_1_341' title='bbox 298 2267 430 2306; x_wconf 76' lang='lat'><strong>¹·‘·¹4·</strong></span> <span class='ocrx_word' id='word_1_342' title='bbox 452 2286 556 2317; x_wconf 89' lang='lat' dir='ltr'>nem</span> <span class='ocrx_word' id='word_1_343' title='bbox 590 2271 649 2318; x_wconf 88' lang='lat' dir='ltr'>de</span> <span class='ocrx_word' id='word_1_344' title='bbox 665 2271 787 2318; x_wconf 90' lang='lat' dir='ltr'>bello</span> <span class='ocrx_word' id='word_1_345' title='bbox 805 2275 852 2318; x_wconf 88' lang='lat'>&amp;</span> <span class='ocrx_word' id='word_1_346' title='bbox 871 2273 961 2319; x_wconf 88' lang='lat' dir='ltr'>hoc</span> <span class='ocrx_word' id='word_1_347' title='bbox 978 2275 1130 2320; x_wconf 81' lang='lat' dir='ltr'>venire</span> <span class='ocrx_word' id='word_1_348' title='bbox 1151 2311 1160 2326; x_wconf 79' lang='lat'><strong>‚</strong></span> <span class='ocrx_word' id='word_1_349' title='bbox 1181 2289 1272 2319; x_wconf 81' lang='lat' dir='ltr'>non</span> <span class='ocrx_word' id='word_1_350' title='bbox 1305 2272 1381 2320; x_wconf 84' lang='lat' dir='ltr'>sub</span> <span class='ocrx_word' id='word_1_351' title='bbox 1411 2275 1587 2319; x_wconf 87' lang='lat' dir='ltr'>ratione</span> <span class='ocrx_word' id='word_1_352' title='bbox 1602 2270 1702 2330; x_wconf 88' lang='lat' dir='ltr'>justi</span> <span class='ocrx_word' id='word_1_353' title='bbox 1724 2309 1736 2326; x_wconf 86' lang='lat'>,</span> <span class='ocrx_word' id='word_1_354' title='bbox 1758 2269 1832 2318; x_wconf 87' lang='lat' dir='ltr'>sed</span> <span class='ocrx_word' id='word_1_355' title='bbox 1851 2270 1929 2318; x_wconf 85' lang='lat' dir='ltr'>sub</span> <span class='ocrx_word' id='word_1_356' title='bbox 1951 2272 2128 2319; x_wconf 85' lang='lat' dir='ltr'>ratione</span> 
     </span>
     <span class='ocr_line' id='line_1_33' title="bbox 452 2333 2127 2396; baseline 0.001 -16"><span class='ocrx_word' id='word_1_357' title='bbox 452 2333 572 2382; x_wconf 85' lang='lat' dir='ltr'>utilis</span> <span class='ocrx_word' id='word_1_358' title='bbox 591 2350 603 2382; x_wconf 77' lang='lat' dir='ltr'>t</span> <span class='ocrx_word' id='word_1_359' title='bbox 626 2350 676 2381; x_wconf 90' lang='lat' dir='ltr'>ut</span> <span class='ocrx_word' id='word_1_360' title='bbox 704 2335 734 2382; x_wconf 84' lang='lat' dir='ltr'>si</span> <span class='ocrx_word' id='word_1_361' title='bbox 752 2351 811 2381; x_wconf 81' lang='lat' dir='ltr'>ex</span> <span class='ocrx_word' id='word_1_362' title='bbox 829 2335 919 2381; x_wconf 84' lang='lat' dir='ltr'>alia</span> <span class='ocrx_word' id='word_1_363' title='bbox 948 2336 1075 2383; x_wconf 82' lang='lat' dir='ltr'>causa</span> <span class='ocrx_word' id='word_1_364' title='bbox 1094 2336 1254 2395; x_wconf 85' lang='lat' dir='ltr'>justum</span> <span class='ocrx_word' id='word_1_365' title='bbox 1271 2335 1321 2383; x_wconf 79' lang='lat' dir='ltr'>fit</span> <span class='ocrx_word' id='word_1_366' title='bbox 1336 2335 1505 2381; x_wconf 84' lang='lat' dir='ltr'>bellum</span> <span class='ocrx_word' id='word_1_367' title='bbox 1525 2373 1536 2391; x_wconf 94' lang='lat'>,</span> <span class='ocrx_word' id='word_1_368' title='bbox 1557 2350 1614 2381; x_wconf 84' lang='lat' dir='ltr'>ex</span> <span class='ocrx_word' id='word_1_369' title='bbox 1641 2335 1725 2380; x_wconf 82' lang='lat' dir='ltr'>hac</span> <span class='ocrx_word' id='word_1_370' title='bbox 1739 2333 1868 2381; x_wconf 83' lang='lat' dir='ltr'>causa</span> <span class='ocrx_word' id='word_1_371' title='bbox 1884 2333 2127 2396; x_wconf 85' lang='lat' dir='ltr'>prudenter</span> 
     </span>
    </p>

    <p class='ocr_par' dir='ltr' id='par_1_8' title="bbox 219 2396 2128 2460">
     <span class='ocr_line' id='line_1_34' title="bbox 219 2396 2128 2460; baseline 0.002 -18"><span class='ocrx_word' id='word_1_372' title='bbox 219 2397 288 2430; x_wconf 68' lang='lat'>8⁴!-</span> <span class='ocrx_word' id='word_1_373' title='bbox 304 2398 327 2430; x_wconf 75' lang='lat' dir='ltr'>l·</span> <span class='ocrx_word' id='word_1_374' title='bbox 348 2406 375 2451; x_wconf 82' lang='lat'>3.-</span> <span class='ocrx_word' id='word_1_375' title='bbox 393 2399 433 2432; x_wconf 71' lang='lat' dir='ltr'>de</span> <span class='ocrx_word' id='word_1_376' title='bbox 453 2413 638 2459; x_wconf 86' lang='lat' dir='ltr'>quoque</span> <span class='ocrx_word' id='word_1_377' title='bbox 656 2397 901 2460; x_wconf 84' lang='lat' dir='ltr'>susceptum</span> <span class='ocrx_word' id='word_1_378' title='bbox 917 2398 1169 2458; x_wconf 85' lang='lat' dir='ltr'>judicetur:</span> <span class='ocrx_word' id='word_1_379' title='bbox 1187 2415 1267 2445; x_wconf 88' lang='lat' dir='ltr'>nec</span> <span class='ocrx_word' id='word_1_380' title='bbox 1283 2398 1404 2444; x_wconf 85' lang='lat' dir='ltr'>aliud</span> <span class='ocrx_word' id='word_1_381' title='bbox 1422 2396 1578 2443; x_wconf 88' lang='lat' dir='ltr'>dicunt</span> <span class='ocrx_word' id='word_1_382' title='bbox 1627 2398 1672 2442; x_wconf 89' lang='lat' dir='ltr'>ui</span> <span class='ocrx_word' id='word_1_383' title='bbox 1687 2399 1732 2442; x_wconf 88' lang='lat' dir='ltr'>in</span> <span class='ocrx_word' id='word_1_384' title='bbox 1749 2399 1860 2442; x_wconf 86' lang='lat' dir='ltr'>hanc</span> <span class='ocrx_word' id='word_1_385' title='bbox 1870 2412 1967 2444; x_wconf 88' lang='lat' dir='ltr'>rem</span> <span class='ocrx_word' id='word_1_386' title='bbox 1982 2400 2128 2444; x_wconf 87' lang='lat' dir='ltr'>citan-</span> 
     </span>
    </p>

    <p class='ocr_par' dir='ltr' id='par_1_9' title="bbox 220 2444 2124 2758">
     <span class='ocr_line' id='line_1_35' title="bbox 220 2444 2122 2524; baseline 0.001 -18"><span class='ocrx_word' id='word_1_387' title='bbox 220 2454 282 2478; x_wconf 58' lang='grc' dir='ltr'>Μ·</span> <span class='ocrx_word' id='word_1_388' title='bbox 299 2444 395 2491; x_wconf 55' lang='lat' dir='ltr'>dms·</span> <span class='ocrx_word' id='word_1_389' title='bbox 452 2475 526 2506; x_wconf 90' lang='lat' dir='ltr'>tur</span> <span class='ocrx_word' id='word_1_390' title='bbox 543 2459 762 2508; x_wconf 59' lang='lat' dir='ltr'>auctores.</span> <span class='ocrx_word' id='word_1_391' title='bbox 798 2459 891 2506; x_wconf 87' lang='lat' dir='ltr'>Sed</span> <span class='ocrx_word' id='word_1_392' title='bbox 925 2476 975 2508; x_wconf 86' lang='lat' dir='ltr'>ut</span> <span class='ocrx_word' id='word_1_393' title='bbox 1010 2463 1102 2508; x_wconf 90' lang='lat' dir='ltr'>vim</span> <span class='ocrx_word' id='word_1_394' title='bbox 1116 2463 1209 2524; x_wconf 77' lang='lat' dir='ltr'>pati</span> <span class='ocrx_word' id='word_1_395' title='bbox 1225 2461 1348 2524; x_wconf 81' lang='lat' dir='ltr'>poffe</span> <span class='ocrx_word' id='word_1_396' title='bbox 1366 2459 1424 2507; x_wconf 84' lang='lat' dir='ltr'>ad</span> <span class='ocrx_word' id='word_1_397' title='bbox 1442 2462 1534 2506; x_wconf 90' lang='lat' dir='ltr'>vim</span> <span class='ocrx_word' id='word_1_398' title='bbox 1553 2461 1598 2504; x_wconf 91' lang='lat' dir='ltr'>in</span> <span class='ocrx_word' id='word_1_399' title='bbox 1623 2462 1838 2506; x_wconf 81' lang='lat' dir='ltr'>erendam</span> <span class='ocrx_word' id='word_1_400' title='bbox 1854 2459 2122 2521; x_wconf 84' lang='lat' dir='ltr'>justribuat,</span> 
     </span>
     <span class='ocr_line' id='line_1_36' title="bbox 452 2521 2124 2586; baseline 0.001 -18"><span class='ocrx_word' id='word_1_401' title='bbox 452 2522 509 2569; x_wconf 85' lang='lat' dir='ltr'>ab</span> <span class='ocrx_word' id='word_1_402' title='bbox 527 2526 654 2570; x_wconf 89' lang='lat' dir='ltr'>omni</span> <span class='ocrx_word' id='word_1_403' title='bbox 672 2524 893 2586; x_wconf 73' lang='lat' dir='ltr'>aequitatis</span> <span class='ocrx_word' id='word_1_404' title='bbox 907 2526 1081 2570; x_wconf 84' lang='lat' dir='ltr'>ratione</span> <span class='ocrx_word' id='word_1_405' title='bbox 1101 2525 1334 2572; x_wconf 86' lang='lat' dir='ltr'>abhorret.</span> <span class='ocrx_word' id='word_1_406' title='bbox 1351 2523 1419 2570; x_wconf 81' lang='lat' dir='ltr'>Ita</span> <span class='ocrx_word' id='word_1_407' title='bbox 1438 2525 1530 2570; x_wconf 80' lang='lat' dir='ltr'>vita</span> <span class='ocrx_word' id='word_1_408' title='bbox 1547 2526 1742 2570; x_wconf 80' lang='lat' dir='ltr'>humana</span> <span class='ocrx_word' id='word_1_409' title='bbox 1759 2522 1834 2578; x_wconf 85' lang='lat' dir='ltr'>est,</span> <span class='ocrx_word' id='word_1_410' title='bbox 1850 2538 1899 2570; x_wconf 90' lang='lat' dir='ltr'>ut</span> <span class='ocrx_word' id='word_1_411' title='bbox 1915 2526 2044 2586; x_wconf 86' lang='lat' dir='ltr'>plena</span> <span class='ocrx_word' id='word_1_412' title='bbox 2059 2521 2124 2570; x_wconf 88' lang='lat' dir='ltr'>se-</span> 
     </span>
     <span class='ocr_line' id='line_1_37' title="bbox 451 2585 2122 2650; baseline 0.001 -19"><span class='ocrx_word' id='word_1_413' title='bbox 451 2587 615 2632; x_wconf 83' lang='lat' dir='ltr'>curitas</span> <span class='ocrx_word' id='word_1_414' title='bbox 651 2602 876 2650; x_wconf 84' lang='lat' dir='ltr'>nunquam</span> <span class='ocrx_word' id='word_1_415' title='bbox 905 2586 1036 2633; x_wconf 82' lang='lat' dir='ltr'>nobis</span> <span class='ocrx_word' id='word_1_416' title='bbox 1070 2586 1258 2635; x_wconf 89' lang='lat' dir='ltr'>constet.</span> <span class='ocrx_word' id='word_1_417' title='bbox 1297 2585 1523 2634; x_wconf 87' lang='lat' dir='ltr'>Adversus</span> <span class='ocrx_word' id='word_1_418' title='bbox 1550 2588 1748 2632; x_wconf 90' lang='lat' dir='ltr'>incertos</span> <span class='ocrx_word' id='word_1_419' title='bbox 1779 2601 1925 2633; x_wconf 87' lang='lat' dir='ltr'>metus</span> <span class='ocrx_word' id='word_1_420' title='bbox 1954 2592 1981 2634; x_wconf 76' lang='lat' dir='ltr'>a</span> <span class='ocrx_word' id='word_1_421' title='bbox 2008 2585 2122 2633; x_wconf 87' lang='lat' dir='ltr'>divi·</span> 
     </span>
     <span class='ocr_line' id='line_1_38' title="bbox 446 2647 2118 2713; baseline 0.002 -21"><span class='ocrx_word' id='word_1_422' title='bbox 446 2664 505 2693; x_wconf 82' lang='lat' dir='ltr'>m</span> <span class='ocrx_word' id='word_1_423' title='bbox 522 2651 811 2711; x_wconf 80' lang='lat' dir='ltr'>providentia</span> <span class='ocrx_word' id='word_1_424' title='bbox 829 2687 841 2706; x_wconf 84' lang='lat'>‚</span> <span class='ocrx_word' id='word_1_425' title='bbox 861 2651 910 2696; x_wconf 88' lang='lat'>&amp;</span> <span class='ocrx_word' id='word_1_426' title='bbox 924 2651 984 2696; x_wconf 87' lang='lat' dir='ltr'>ab</span> <span class='ocrx_word' id='word_1_427' title='bbox 997 2652 1182 2697; x_wconf 75' lang='lat' dir='ltr'>innoxia</span> <span class='ocrx_word' id='word_1_428' title='bbox 1199 2652 1410 2697; x_wconf 76' lang='lat' dir='ltr'>cautione</span> <span class='ocrx_word' id='word_1_429' title='bbox 1425 2686 1436 2706; x_wconf 91' lang='lat'>,</span> <span class='ocrx_word' id='word_1_430' title='bbox 1460 2665 1553 2696; x_wconf 91' lang='lat' dir='ltr'>non</span> <span class='ocrx_word' id='word_1_431' title='bbox 1584 2652 1612 2695; x_wconf 69' lang='lat' dir='ltr'>a</span> <span class='ocrx_word' id='word_1_432' title='bbox 1631 2650 1673 2696; x_wconf 90' lang='lat' dir='ltr'>vi</span> <span class='ocrx_word' id='word_1_433' title='bbox 1692 2647 1939 2712; x_wconf 83' lang='lat' dir='ltr'>praefidium</span> <span class='ocrx_word' id='word_1_434' title='bbox 1955 2663 2118 2713; x_wconf 79' lang='lat' dir='ltr'>peten-</span> 
     </span>
     <span class='ocr_line' id='line_1_39' title="bbox 449 2710 652 2758; baseline 0.005 -3"><span class='ocrx_word' id='word_1_435' title='bbox 449 2710 561 2756; x_wconf 85' lang='lat' dir='ltr'>dum</span> <span class='ocrx_word' id='word_1_436' title='bbox 577 2711 652 2758; x_wconf 78' lang='lat' dir='ltr'>cst.</span> 
     </span>
    </p>

    <p class='ocr_par' dir='ltr' id='par_1_10' title="bbox 509 2772 2119 2838">
     <span class='ocr_line' id='line_1_40' title="bbox 509 2772 2119 2838; baseline 0.001 -18"><span class='ocrx_word' id='word_1_437' title='bbox 509 2773 558 2820; x_wconf 90' lang='lat' dir='ltr'><strong>X</strong></span> <span class='ocrx_word' id='word_1_438' title='bbox 574 2773 615 2821; x_wconf 90' lang='lat' dir='ltr'>V</span> <span class='ocrx_word' id='word_1_439' title='bbox 635 2775 654 2822; x_wconf 95' lang='lat'>1</span> <span class='ocrx_word' id='word_1_440' title='bbox 673 2774 694 2820; x_wconf 88' lang='grc' dir='ltr'>Ι</span> <span class='ocrx_word' id='word_1_441' title='bbox 712 2774 748 2822; x_wconf 91' lang='grc' dir='ltr'>Ι.</span> <span class='ocrx_word' id='word_1_442' title='bbox 785 2774 890 2822; x_wconf 86' lang='lat' dir='ltr'>Nec</span> <span class='ocrx_word' id='word_1_443' title='bbox 906 2778 1055 2822; x_wconf 85' lang='lat' dir='ltr'>minus</span> <span class='ocrx_word' id='word_1_444' title='bbox 1085 2772 1194 2822; x_wconf 82' lang='lat' dir='ltr'>ill&#39;ud</span> <span class='ocrx_word' id='word_1_445' title='bbox 1215 2775 1417 2837; x_wconf 87' lang='lat' dir='ltr'>displicet</span> <span class='ocrx_word' id='word_1_446' title='bbox 1437 2813 1448 2831; x_wconf 86' lang='lat'>‚</span> <span class='ocrx_word' id='word_1_447' title='bbox 1469 2773 1590 2838; x_wconf 90' lang='lat' dir='ltr'>quod</span> <span class='ocrx_word' id='word_1_448' title='bbox 1625 2772 1795 2823; x_wconf 86' lang='lat' dir='ltr'>docent</span> <span class='ocrx_word' id='word_1_449' title='bbox 1813 2812 1822 2829; x_wconf 89' lang='lat'>,</span> <span class='ocrx_word' id='word_1_450' title='bbox 1834 2772 2000 2834; x_wconf 86' lang='lat' dir='ltr'>justam</span> <span class='ocrx_word' id='word_1_451' title='bbox 2031 2774 2119 2822; x_wconf 80' lang='lat' dir='ltr'>effe</span> 
     </span>
    </p>

    <p class='ocr_par' dir='ltr' id='par_1_11' title="bbox 213 2834 2115 3152">
     <span class='ocr_line' id='line_1_41' title="bbox 217 2834 2110 2899; baseline 0.003 -20"><span class='ocrx_word' id='word_1_452' title='bbox 217 2837 302 2871; x_wconf 61' lang='lat' dir='ltr'>Alb·</span> <span class='ocrx_word' id='word_1_453' title='bbox 332 2839 429 2871; x_wconf 62' lang='grc' dir='ltr'>(ἴω.</span> <span class='ocrx_word' id='word_1_454' title='bbox 448 2834 760 2885; x_wconf 82' lang='lat' dir='ltr'>defensionem</span> <span class='ocrx_word' id='word_1_455' title='bbox 779 2841 921 2888; x_wconf 81' lang='lat' dir='ltr'>etiam</span> <span class='ocrx_word' id='word_1_456' title='bbox 941 2854 1101 2885; x_wconf 86' lang='lat' dir='ltr'>eorum</span> <span class='ocrx_word' id='word_1_457' title='bbox 1167 2841 1210 2885; x_wconf 90' lang='lat' dir='ltr'>ui</span> <span class='ocrx_word' id='word_1_458' title='bbox 1226 2838 1395 2886; x_wconf 84' lang='lat' dir='ltr'>bellum</span> <span class='ocrx_word' id='word_1_459' title='bbox 1426 2839 1661 2899; x_wconf 89' lang='lat' dir='ltr'>promeriti</span> <span class='ocrx_word' id='word_1_460' title='bbox 1695 2836 1812 2888; x_wconf 71' lang='lat' dir='ltr'>sunt,</span> <span class='ocrx_word' id='word_1_461' title='bbox 1833 2837 1936 2897; x_wconf 83' lang='lat' dir='ltr'>quia</span> <span class='ocrx_word' id='word_1_462' title='bbox 1954 2835 2110 2887; x_wconf 68' lang='lat' dir='ltr'>scilicet</span> 
     </span>
     <span class='ocr_line' id='line_1_42' title="bbox 213 2885 2114 2970; baseline 0.002 -27"><span class='ocrx_word' id='word_1_463' title='bbox 213 2885 420 2970; x_wconf 38' lang='lat'>&amp;222⁸</span> <span class='ocrx_word' id='word_1_464' title='bbox 448 2901 577 2960; x_wconf 84' lang='lat' dir='ltr'>pauci</span> <span class='ocrx_word' id='word_1_465' title='bbox 604 2903 808 2949; x_wconf 83' lang='lat' dir='ltr'>contenti</span> <span class='ocrx_word' id='word_1_466' title='bbox 843 2900 939 2947; x_wconf 92' lang='lat' dir='ltr'>sunt</span> <span class='ocrx_word' id='word_1_467' title='bbox 962 2916 1139 2949; x_wconf 88' lang='lat' dir='ltr'>rantum</span> <span class='ocrx_word' id='word_1_468' title='bbox 1177 2919 1250 2948; x_wconf 87' lang='lat' dir='ltr'>em</span> <span class='ocrx_word' id='word_1_469' title='bbox 1270 2917 1491 2965; x_wconf 81' lang='lat' dir='ltr'>reponere</span> <span class='ocrx_word' id='word_1_470' title='bbox 1508 2899 1709 2946; x_wconf 63' lang='lat' dir='ltr'>vindiciae</span> <span class='ocrx_word' id='word_1_471' title='bbox 1730 2939 1740 2954; x_wconf 92' lang='lat'>,</span> <span class='ocrx_word' id='word_1_472' title='bbox 1759 2913 1974 2961; x_wconf 74' lang='lat' dir='ltr'>qnantum</span> <span class='ocrx_word' id='word_1_473' title='bbox 1992 2915 2114 2947; x_wconf 83' lang='lat' dir='ltr'>acce-</span> 
     </span>
     <span class='ocr_line' id='line_1_43' title="bbox 215 2944 2114 3025; baseline 0.002 -19"><span class='ocrx_word' id='word_1_474' title='bbox 215 2977 253 3009; x_wconf 60' lang='lat' dir='ltr'>de</span> <span class='ocrx_word' id='word_1_475' title='bbox 268 2944 410 3025; x_wconf 52' lang='lat' dir='ltr'>1151zff&#39;,‚25‚&#39;</span> <span class='ocrx_word' id='word_1_476' title='bbox 447 2975 605 3024; x_wconf 81' lang='lat' dir='ltr'>petunt</span> <span class='ocrx_word' id='word_1_477' title='bbox 620 2965 797 3019; x_wconf 77' lang='lat' dir='ltr'>injuriae.</span> <span class='ocrx_word' id='word_1_478' title='bbox 837 2963 963 3010; x_wconf 83' lang='lat' dir='ltr'>Nam</span> <span class='ocrx_word' id='word_1_479' title='bbox 982 2979 1129 3013; x_wconf 83' lang='lat' dir='ltr'>metus</span> <span class='ocrx_word' id='word_1_480' title='bbox 1145 2965 1218 3012; x_wconf 84' lang='lat' dir='ltr'>ille</span> <span class='ocrx_word' id='word_1_481' title='bbox 1237 2968 1297 3011; x_wconf 88' lang='lat' dir='ltr'>rei</span> <span class='ocrx_word' id='word_1_482' title='bbox 1315 2968 1492 3010; x_wconf 72' lang='lat' dir='ltr'>incertae</span> <span class='ocrx_word' id='word_1_483' title='bbox 1516 2966 1584 3022; x_wconf 83' lang='lat' dir='ltr'>jus</span> <span class='ocrx_word' id='word_1_484' title='bbox 1612 2963 1670 3010; x_wconf 83' lang='lat' dir='ltr'>ad</span> <span class='ocrx_word' id='word_1_485' title='bbox 1690 2964 1779 3009; x_wconf 88' lang='lat' dir='ltr'>vim</span> <span class='ocrx_word' id='word_1_486' title='bbox 1799 2962 1909 3007; x_wconf 73' lang='lat' dir='ltr'>dare</span> <span class='ocrx_word' id='word_1_487' title='bbox 1935 2977 2114 3024; x_wconf 81' lang='lat' dir='ltr'>nonpo-</span> 
     </span>
     <span class='ocr_line' id='line_1_44' title="bbox 446 3024 2115 3088; baseline 0.001 -17"><span class='ocrx_word' id='word_1_488' title='bbox 446 3024 528 3072; x_wconf 82' lang='lat' dir='ltr'>test</span> <span class='ocrx_word' id='word_1_489' title='bbox 543 3041 552 3072; x_wconf 91' lang='lat'>:</span> <span class='ocrx_word' id='word_1_490' title='bbox 570 3027 689 3072; x_wconf 84' lang='lat' dir='ltr'>unde</span> <span class='ocrx_word' id='word_1_491' title='bbox 725 3042 806 3072; x_wconf 87' lang='lat' dir='ltr'>nec</span> <span class='ocrx_word' id='word_1_492' title='bbox 840 3043 941 3073; x_wconf 85' lang='lat' dir='ltr'>reus</span> <span class='ocrx_word' id='word_1_493' title='bbox 963 3028 1162 3075; x_wconf 85' lang='lat' dir='ltr'>criminis</span> <span class='ocrx_word' id='word_1_494' title='bbox 1209 3030 1278 3086; x_wconf 87' lang='lat' dir='ltr'>jus</span> <span class='ocrx_word' id='word_1_495' title='bbox 1311 3028 1446 3074; x_wconf 80' lang='lat' dir='ltr'>habet</span> <span class='ocrx_word' id='word_1_496' title='bbox 1463 3026 1654 3088; x_wconf 81' lang='lat' dir='ltr'>publicis</span> <span class='ocrx_word' id='word_1_497' title='bbox 1670 3024 1876 3072; x_wconf 86' lang='lat' dir='ltr'>ministris</span> <span class='ocrx_word' id='word_1_498' title='bbox 1893 3040 2060 3088; x_wconf 86' lang='lat' dir='ltr'>capere</span> <span class='ocrx_word' id='word_1_499' title='bbox 2074 3024 2115 3072; x_wconf 88' lang='lat' dir='ltr'>se</span> 
     </span>
     <span class='ocr_line' id='line_1_45' title="bbox 446 3086 2112 3152; baseline 0.001 -19"><span class='ocrx_word' id='word_1_500' title='bbox 446 3087 701 3135; x_wconf 81' lang='lat' dir='ltr'>volentibus</span> <span class='ocrx_word' id='word_1_501' title='bbox 716 3106 794 3151; x_wconf 88' lang='lat' dir='ltr'>per</span> <span class='ocrx_word' id='word_1_502' title='bbox 812 3092 903 3138; x_wconf 89' lang='lat' dir='ltr'>vim</span> <span class='ocrx_word' id='word_1_503' title='bbox 922 3090 1143 3136; x_wconf 79' lang='lat' dir='ltr'>resistendi</span> <span class='ocrx_word' id='word_1_504' title='bbox 1176 3091 1239 3138; x_wconf 82' lang='lat' dir='ltr'>ob</span> <span class='ocrx_word' id='word_1_505' title='bbox 1259 3106 1431 3136; x_wconf 80' lang='lat' dir='ltr'>metum</span> <span class='ocrx_word' id='word_1_506' title='bbox 1451 3106 1506 3134; x_wconf 87' lang='lat' dir='ltr'>ne</span> <span class='ocrx_word' id='word_1_507' title='bbox 1523 3088 1622 3152; x_wconf 84' lang='lat' dir='ltr'>plns</span> <span class='ocrx_word' id='word_1_508' title='bbox 1638 3103 1766 3150; x_wconf 78' lang='lat' dir='ltr'>aequo</span> <span class='ocrx_word' id='word_1_509' title='bbox 1783 3089 2006 3149; x_wconf 85' lang='lat' dir='ltr'>puniatur.</span> <span class='ocrx_word' id='word_1_510' title='bbox 2023 3086 2112 3134; x_wconf 88' lang='lat' dir='ltr'>Sed</span> 
     </span>
    </p>

    <p class='ocr_par' dir='ltr' id='par_1_12' title="bbox 440 3148 2116 3214">
     <span class='ocr_line' id='line_1_46' title="bbox 440 3148 2116 3214; baseline 0.001 -19"><span class='ocrx_word' id='word_1_511' title='bbox 440 3151 513 3208; x_wconf 81' lang='lat' dir='ltr'>qui</span> <span class='ocrx_word' id='word_1_512' title='bbox 532 3151 574 3198; x_wconf 83' lang='lat' dir='ltr'>in</span> <span class='ocrx_word' id='word_1_513' title='bbox 590 3152 725 3197; x_wconf 77' lang='lat' dir='ltr'>alium</span> <span class='ocrx_word' id='word_1_514' title='bbox 763 3155 969 3213; x_wconf 82' lang='lat' dir='ltr'>peccavit</span> <span class='ocrx_word' id='word_1_515' title='bbox 994 3192 1005 3208; x_wconf 93' lang='lat'>,</span> <span class='ocrx_word' id='word_1_516' title='bbox 1024 3152 1161 3198; x_wconf 79' lang='lat' dir='ltr'>debet</span> <span class='ocrx_word' id='word_1_517' title='bbox 1195 3155 1390 3214; x_wconf 86' lang='lat' dir='ltr'>primum</span> <span class='ocrx_word' id='word_1_518' title='bbox 1432 3168 1472 3197; x_wconf 87' lang='lat' dir='ltr'>ci</span> <span class='ocrx_word' id='word_1_519' title='bbox 1493 3166 1627 3213; x_wconf 86' lang='lat' dir='ltr'>quem</span> <span class='ocrx_word' id='word_1_520' title='bbox 1647 3150 1747 3200; x_wconf 76' lang='lat' dir='ltr'>laefit</span> <span class='ocrx_word' id='word_1_521' title='bbox 1764 3149 1925 3196; x_wconf 83' lang='lat' dir='ltr'>offerre</span> <span class='ocrx_word' id='word_1_522' title='bbox 1946 3148 2116 3196; x_wconf 83' lang='lat' dir='ltr'>satisfa-</span> 
     </span>
    </p>

    <p class='ocr_par' dir='ltr' id='par_1_13' title="bbox 437 3210 2115 3339">
     <span class='ocr_line' id='line_1_47' title="bbox 438 3210 2115 3275; baseline 0.001 -18"><span class='ocrx_word' id='word_1_523' title='bbox 438 3210 631 3259; x_wconf 67' lang='lat' dir='ltr'>&amp;ionem</span> <span class='ocrx_word' id='word_1_524' title='bbox 652 3216 734 3259; x_wconf 81' lang='lat' dir='ltr'>viri</span> <span class='ocrx_word' id='word_1_525' title='bbox 749 3215 853 3260; x_wconf 83' lang='lat' dir='ltr'>boni</span> <span class='ocrx_word' id='word_1_526' title='bbox 881 3216 1102 3261; x_wconf 75' lang='lat' dir='ltr'>arbitratu</span> <span class='ocrx_word' id='word_1_527' title='bbox 1125 3231 1135 3261; x_wconf 74' lang='grc' dir='ltr'>ε</span> <span class='ocrx_word' id='word_1_528' title='bbox 1153 3231 1203 3260; x_wconf 80' lang='lat' dir='ltr'>ac</span> <span class='ocrx_word' id='word_1_529' title='bbox 1221 3230 1318 3260; x_wconf 87' lang='lat' dir='ltr'>tum</span> <span class='ocrx_word' id='word_1_530' title='bbox 1336 3215 1522 3260; x_wconf 78' lang='lat' dir='ltr'>demum</span> <span class='ocrx_word' id='word_1_531' title='bbox 1541 3216 1614 3275; x_wconf 85' lang='lat' dir='ltr'>pia</span> <span class='ocrx_word' id='word_1_532' title='bbox 1628 3229 1755 3258; x_wconf 84' lang='lat' dir='ltr'>crunt</span> <span class='ocrx_word' id='word_1_533' title='bbox 1770 3214 1866 3270; x_wconf 77' lang='lat' dir='ltr'>ejus</span> <span class='ocrx_word' id='word_1_534' title='bbox 1881 3228 2021 3260; x_wconf 86' lang='lat' dir='ltr'>arma.</span> <span class='ocrx_word' id='word_1_535' title='bbox 2040 3211 2115 3258; x_wconf 83' lang='lat' dir='ltr'>Sic</span> 
     </span>
     <span class='ocr_line' id='line_1_48' title="bbox 437 3273 2115 3339; baseline 0.002 -21"><span class='ocrx_word' id='word_1_536' title='bbox 437 3274 652 3321; x_wconf 79' lang='lat' dir='ltr'>Ezechias</span> <span class='ocrx_word' id='word_1_537' title='bbox 667 3292 771 3323; x_wconf 89' lang='lat' dir='ltr'>cum</span> <span class='ocrx_word' id='word_1_538' title='bbox 791 3276 966 3324; x_wconf 85' lang='lat' dir='ltr'>foedere</span> <span class='ocrx_word' id='word_1_539' title='bbox 983 3291 1072 3322; x_wconf 88' lang='lat' dir='ltr'>non</span> <span class='ocrx_word' id='word_1_540' title='bbox 1092 3276 1270 3322; x_wconf 82' lang='lat' dir='ltr'>stetiffet</span> <span class='ocrx_word' id='word_1_541' title='bbox 1293 3314 1304 3332; x_wconf 92' lang='lat'>,</span> <span class='ocrx_word' id='word_1_542' title='bbox 1324 3275 1449 3339; x_wconf 88' lang='lat' dir='ltr'>quod</span> <span class='ocrx_word' id='word_1_543' title='bbox 1468 3293 1572 3322; x_wconf 89' lang='lat' dir='ltr'>cum</span> <span class='ocrx_word' id='word_1_544' title='bbox 1601 3290 1706 3338; x_wconf 80' lang='lat' dir='ltr'>rege</span> <span class='ocrx_word' id='word_1_545' title='bbox 1722 3273 1897 3335; x_wconf 80' lang='lat' dir='ltr'>Assyrio</span> <span class='ocrx_word' id='word_1_546' title='bbox 1917 3278 2115 3335; x_wconf 76' lang='lat' dir='ltr'>majores</span> 
     </span>
    </p>

    <p class='ocr_par' dir='ltr' id='par_1_14' title="bbox 434 3337 2109 3407">
     <span class='ocr_line' id='line_1_49' title="bbox 434 3337 2109 3407; baseline 0 -24"><span class='ocrx_word' id='word_1_547' title='bbox 434 3337 528 3396; x_wconf 78' lang='lat' dir='ltr'>ejus</span> <span class='ocrx_word' id='word_1_548' title='bbox 539 3339 814 3402; x_wconf 76' lang='lat' dir='ltr'>pepigerant,</span> <span class='ocrx_word' id='word_1_549' title='bbox 842 3338 964 3389; x_wconf 86' lang='lat' dir='ltr'>bello</span> <span class='ocrx_word' id='word_1_550' title='bbox 980 3341 1144 3401; x_wconf 84' lang='lat' dir='ltr'>petitus</span> <span class='ocrx_word' id='word_1_551' title='bbox 1161 3338 1331 3388; x_wconf 84' lang='lat' dir='ltr'>fatetur</span> <span class='ocrx_word' id='word_1_552' title='bbox 1343 3340 1544 3404; x_wconf 79' lang='lat' dir='ltr'>culpam,</span> <span class='ocrx_word' id='word_1_553' title='bbox 1569 3340 1617 3387; x_wconf 86' lang='lat'>&amp;</span> <span class='ocrx_word' id='word_1_554' title='bbox 1635 3338 1732 3402; x_wconf 84' lang='lat' dir='ltr'>regi</span> <span class='ocrx_word' id='word_1_555' title='bbox 1750 3338 1972 3400; x_wconf 89' lang='lat' dir='ltr'>permittit</span> <span class='ocrx_word' id='word_1_556' title='bbox 1989 3337 2109 3407; x_wconf 80' lang='lat' dir='ltr'>arbi-</span> 
     </span>
    </p>

    <p class='ocr_par' dir='ltr' id='par_1_15' title="bbox 1970 3415 2108 3447">
     <span class='ocr_line' id='line_1_50' title="bbox 1970 3415 2108 3447; baseline -0.022 0"><span class='ocrx_word' id='word_1_557' title='bbox 1970 3415 2108 3447; x_wconf 81' lang='lat' dir='ltr'>trium</span> 
     </span>
    </p>
   </div>
  </div>
 </body>
</html>
