2475 3854
549 272 1533 318 aepacxs,r„113.1tt.
1784 287 1853 334 ςες

200 339 379 389 miffum
392 339 452 387 est
463 340 537 386 lex
548 339 689 387 civilis
706 338 896 386 statuere
913 340 1061 403 possit,
1077 342 1125 386 &
1138 343 1297 392 alicubi
1313 344 1528 405 statuerit,
1542 359 1590 395 ut
1603 347 1659 396 ab
1676 352 1705 397 ii
1710 367 1728 397 s
1745 367 1854 413 pro-

204 420 369 451 vocare
386 405 433 448 &
451 401 677 460 deinjuria
691 403 815 464 queri
826 402 958 448 liceat
978 442 988 458 ,
1024 404 1049 430 *
1069 402 1116 449 id
1133 420 1282 452 tamen
1297 407 1412 454 inter
1428 426 1557 457 recres
1586 427 1637 457 ac
1652 415 1849 475 populos

201 466 356 513 locum
369 465 536 511 habere
552 481 642 511 non
656 464 814 526 potest.
847 463 988 511 Nulla
1009 467 1126 511 enim
1143 468 1215 513 hic
1233 469 1294 515 est
1316 451 1508 526 potesta}
1525 471 1726 535 superior
1758 494 1853 537 quae

203 525 405 591 promiffi
426 526 654 574 vinculum
672 541 747 573 aut
764 526 995 588 impediat,
1013 542 1089 573 aut
1106 527 1264 577 solvat.
1300 531 1520 580 Standum
1537 550 1648 598 ergo
1662 541 1850 584 omnino

204 591 294 638 five
306 606 498 651 aequum,
517 589 606 637 live
623 590 821 651 iniquum
840 591 1226 651 pronuntiaverint
1244 632 1254 649 ,
1270 594 1332 640 ita
1350 611 1398 641 ut
1411 595 1536 643 Plinii
1553 598 1661 644 illud
1676 601 1761 645 huc
1779 616 1849 646 rc·
1867 622 1949 666 ,oms
1968 631 2026 659 nat

203 653 274 721 &e
289 666 415 715 aptes
431 667 441 698 z
452 656 642 711 summum
654 656 803 715 quififue
817 656 925 710 cauſsa
933 655 1184 711 suaejudicem
1194 661 1304 714 facit,
1321 675 1574 721 quemcunque
1593 665 1704 720 eligit.
1714 662 1846 708 Aliud
1867 647 1952 713 lust..
2023 645 2039 660 ὃ

204 731 324 760 emm
340 713 401 759 est
412 713 471 759 de
487 713 642 760 arbitri
659 713 813 760 officio
834 751 846 770 ,
871 711 991 759 aliud
1009 711 1067 760 de
1082 719 1549 778 compromittentium
1567 722 1849 786 obligatione
1871 713 1877 720 ¹

205 791 421 838 quaerere.

268 837 317 907 X
333 837 374 907 L
389 836 433 885 V
449 835 471 883 1
486 836 524 884 Ι.
557 836 609 883 In
629 836 786 883 arbitri
803 837 959 883 officio
987 835 1269 899 specstandum
1290 880 1301 897 ‚
1331 858 1383 888 an
1401 843 1562 889 electus
1577 844 1628 890 fit
1643 845 1687 890 in
1705 846 1849 892 vicem

204 900 367 961 judieis
386 937 396 956 ,
429 915 484 945 an
499 915 602 946 cum
620 899 792 946 laxiore
813 899 1006 963 quadam
1026 899 1245 960 potestate
1274 920 1404 966 quam
1431 905 1585 952 arbitri
1600 907 1716 968 quali
1739 925 1850 970 pro-

204 965 350 1027 priam
368 962 463 1010 vult
481 959 650 1008 Seneca
666 978 769 1008 cum
792 962 933 1009 dicit:
966 966 1096 1006 melior
1120 968 1280 1011 videtur
1307 971 1465 1013 conditio
1492 973 1600 1025 causa
1630 973 1723 1016 bona:
1747 972 1782 1029 fi
1792 974 1846 1017 ad
1864 987 1933 1020 Lib.
1960 994 1995 1021 ῃ
2013 986 2054 1020 de

198 1030 368 1086 judtcem
381 1043 497 1088 quam
509 1027 544 1085 [ἱ
566 1029 622 1072 ad
633 1029 830 1071 arbitrum
845 1031 1040 1070 mittitur:
1060 1030 1152 1085 quia
1169 1031 1275 1073 illum
1283 1033 1453 1089 formula
1465 1034 1620 1075 includit
1638 1068 1648 1085 ‚
1668 1034 1717 1085 Εἰ
1734 1050 1846 1078 certos
1865 1032 1962 1075 benef
1970 1042 2035 1077 ⁶·7·

204 1106 292 1151 quos
301 1106 376 1133 non
389 1090 544 1135 excedat
558 1093 732 1134 terminos
738 1093 863 1147 ponit.
897 1090 1023 1144 Hujus
1039 1090 1156 1131 libera
1175 1091 1225 1142 (ᾖα
1238 1095 1347 1134 nullis
1362 1094 1541 1147 adstric‘la
1557 1096 1714 1137 vinculi->5
1724 1097 1846 1154 religio

208 1147 260 1199 ὕ
275 1150 474 1196 detrahere
492 1152 642 1213 aliquid
649 1151 763 1210 potest
775 1184 786 1199 ‚
804 1151 853 1204 ὢν
863 1151 1026 1207 adjicere
1042 1185 1052 1202 ,
1077 1149 1127 1203 &¹
1140 1151 1363 1203 sententiam
1369 1156 1484 1211 suam
1501 1172 1572 1198 22on
1582 1167 1690 1213 prout
1707 1159 1764 1199 lex
1776 1171 1845 1200 aut

199 1215 353 1270 justitia
360 1214 501 1270 suadet
524 1249 536 1267 ‚
562 1214 634 1270 sed
642 1226 753 1270 prout
771 1215 995 1257 humanitas
1008 1213 1057 1265 ὠν
1072 1213 1329 1267 misericordia
1346 1217 1494 1272 impulit
1510 1233 1642 1273 regere.
1677 1215 1845 1261 Aristo-
1866 1230 1959 1267 Rhet.
1976 1239 1992 1266 ι
2023 1243 2062 1272 c,

207 1273 318 1319 teles
331 1288 513 1334 quoque
528 1271 703 1327 ἒπιεικές,
719 1271 765 1317 id
781 1271 841 1317 est
854 1272 963 1333 aequi
980 1273 1027 1316 δε
1038 1271 1274 1317 commodi
1293 1273 1487 1321 hominis
1501 1277 1584 1323 esse
1601 1277 1674 1327 ait,
1693 1276 1740 1322 ἐις
1754 1274 1849 1318 οὟοιι-
1875 1287 1929 1323 19·
1999 1257 2010 1276 ⁸

207 1352 282 1377 nm
297 1336 441 1388 μρῐλλον
457 1335 480 1381 ἢ
496 1335 546 1381 ἐις
561 1331 665 1378 σ’ἳκην
681 1334 829 1390 βέλεοῧς
845 1333 943 1386 ἰὲνιη,
959 1339 1067 1378 malle
1079 1339 1133 1377 ire
1143 1338 1196 1378 ad
1210 1337 1402 1381 arbitrum
1415 1375 1427 1387 ,
1447 1358 1562 1382 cruam
1576 1344 1615 1382 in
1628 1344 1694 1387 ius,
1712 1341 1853 1384 ratio-

206 1413 310 1443 nem
326 1397 553 1456 adjiciens,
569 1394 585 1436 ὃ
599 1391 645 1452 ’,Β
659 1393 839 1441 emm&
856 1393 896 1436 π’
909 1394 1061 1439 imm&
1075 1394 1152 1449 ὅρᾷ·
1181 1394 1231 1449 ὃὸ
1249 1394 1397 1447 aaran}
1410 1400 1442 1441 “i-
1453 1384 1566 1452 ’νόμςν
1584 1384 1731 1457 {vers
1744 1400 1848 1441 ‘irem

216 1457 398 1505 &ioum->is
415 1459 541 1516 όῧςέῇη
553 1462 648 1505 ’ὅπως
663 1457 703 1500 π’
717 1457 865 1503 'emant-,z
881 1456 986 1513 lxv'n:
1003 1466 1109 1502 Nam
1120 1461 1265 1504 arbiter
1276 1464 1319 1504 iol
1330 1466 1430 1522 quod
1445 1480 1583 1523 aequum
1595 1466 1659 1522 eft,
1678 1468 1819 1523 respicit
1838 1486 1852 1507 .-

199 1526 325 1584 judex
342 1525 455 1583 legem
473 1550 482 1568 .-
519 1529 594 1568 imo
612 1525 759 1567 arbiter
781 1538 860 1579 ejus
886 1526 941 1564 rei
957 1521 1072 1577 causa
1087 1534 1252 1580 repertus
1273 1524 1319 1578 est
1331 1539 1376 1567 ut
1389 1527 1533 1567 valeret
1544 1530 1706 1582 aequitas.
1741 1525 1849 1584 Qio

206 1585 251 1630 in
265 1583 372 1630 loco
398 1585 578 1645 aequitas
595 1598 686 1629 non
703 1582 887 1645 proprie
907 1579 1121 1644 fignificat
1150 1595 1199 1627 ut
1223 1580 1324 1628 alibi
1341 1597 1514 1646 partem
1536 1584 1653 1630 illam
1669 1584 1852 1645 justitiae,

208 1663 302 1709 quae
317 1646 429 1710 legis
444 1645 601 1693 sonum
618 1644 872 1709 generalem
891 1660 948 1688 ex
964 1655 1115 1688 mente
1131 1641 1325 1691 auditoris
1346 1644 1576 1691 adduetius
1590 1647 1856 1707 interpreta-

208 1721 283 1755 tur
313 1710 330 1768 (
347 1725 450 1755 nam
470 1709 561 1755 haec
577 1707 779 1767 &judici
810 1704 1043 1753 commissa
1056 1704 1148 1764 est)
1178 1705 1252 1751 sed
1267 1722 1403 1752 omne
1428 1706 1473 1752 id
1491 1708 1617 1768 quod
1633 1709 1793 1755 reffius
1806 1710 1856 1755 fit

208 1787 343 1832 quam
357 1786 448 1817 non
464 1771 675 1825 fit,etiam
689 1785 817 1816 extra
833 1768 1001 1828 justitiae
1016 1768 1198 1830 proprie
1214 1768 1338 1815 dista:
1355 1769 1543 1832 regulas.
1557 1768 1648 1816 Sed
1666 1770 1774 1817 tales
1787 1787 1856 1817 ar-

211 1832 316 1879 bitri
335 1871 346 1889 ‚
383 1833 494 1880 ficut
510 1834 626 1879 inter
642 1832 846 1893 privatos
861 1831 910 1875 &
927 1828 1127 1888 ejusdem
1141 1829 1321 1892 imperii
1336 1832 1456 1878 cives
1473 1831 1728 1893 frequentes
1744 1832 1855 1888 sunt,

212 1895 259 1941 8<
279 1894 527 1955 specialiter
546 1894 808 1942 Christianis
820 1890 1199 1939 commendantur
1215 1892 1270 1938 ab
1289 1893 1508 1957 Apostolo
1528 1894 1682 1950 Paulo,
1700 1911 1721 1941 1
1743 1893 1859 1941 Cor.

207 1973 267 2004 VI
278 1960 355 2013 ‚ita
366 1958 408 2002 in
426 1957 567 2004 dnbio
588 1973 676 2003 non
690 1955 828 2003 debet
843 1968 966 2001 tanta
977 1954 1172 2016 potestas
1189 1955 1393 2002 concessa
1409 1955 1594 2019 intelligi
1613 1973 1624 2004 ε
1644 1960 1689 2003 in
1713 1955 1859 2003 dubiis

208 2021 331 2065 enim
357 2020 485 2081 quod
517 2021 755 2066 minimum
772 2018 834 2065 est
855 2016 1108 2078 sequimur:
1142 2018 1359 2081 praecipue
1376 2033 1487 2063 vero
1500 2018 1548 2064 id
1561 2020 1714 2066 locum
1728 2018 1861 2065 habet

208 2083 326 2130 inter
342 2080 562 2128 summam
577 2080 843 2143 potestatem
861 2078 1212 2141 obtinentes,qui
1227 2094 1332 2124 cum
1347 2081 1548 2139 judicem
1566 2096 1860 2127 communem

209 2159 303 2190 non
319 2143 514 2190 habeant
532 2181 544 2199 ,
570 2143 788 2189 arbitrum
813 2141 1020 2188 censendi
1038 2141 1136 2188 sunt
1152 2140 1422 2189 adstrinxiffe
1453 2143 1506 2188 iis
1523 2143 1686 2206 regulis
1703 2143 1861 2206 quibus

210 2206 372 2267 judicis
389 2204 591 2251 officium
609 2204 819 2268 adstringi
836 2203 966 2250 solet.

275 2268 325 2315 X
341 2267 380 2314 L
396 2266 437 2314 V
455 2268 475 2314 Ι
492 2267 512 2313 Ι
528 2267 560 2313 Ι.
599 2265 716 2313 lllud
732 2280 885 2312 tamen
912 2263 1239 2316 observandum
1256 2264 1317 2311 est
1334 2304 1345 2321 ‚
1367 2264 1561 2312 arbitros
1576 2266 1714 2313 ledros
1732 2270 1755 2312 a
1772 2282 1858 2328 po-

211 2331 326 2393 pulis
353 2344 431 2376 aut
453 2330 635 2376 summis
651 2327 945 2389 potestatibus
974 2331 999 2358 *
1028 2327 1087 2373 de
1117 2328 1342 2390 principali
1360 2328 1546 2390 negotio
1573 2330 1858 2389 pronuntiare

212 2392 404 2446 debere,
424 2407 513 2438 non
529 2391 588 2437 de
603 2388 882 2452 poss'effione.
900 2404 1003 2434 nam
1022 2387 1276 2450 poffessoria
1287 2389 1448 2447 judicia
1459 2390 1565 2447 juris
1580 2389 1720 2434 civilis
1736 2389 1856 2434 sunt:

211 2455 318 2502 Iure
344 2456 544 2517 gentium
572 2449 828 2516 possidendi
855 2451 924 2509 jus
941 2450 1196 2496 dominium
1222 2450 1422 2512 sequitur.
1464 2449 1575 2495 Ideo
1593 2450 1702 2495 dum
1730 2449 1857 2495 causa

211 2516 503 2579 cognoscitur
520 2515 628 2561 nihil
651 2513 712 2559 est
734 2510 1041 2558 innovandum
1061 2550 1072 2568 ,
1097 2527 1195 2557 tum
1222 2528 1276 2557 ne
1305 2509 1606 2573 praejudicium
1623 2511 1700 2555 fiat
1718 2548 1730 2567 ,
1758 2525 1855 2555 tum

213 2581 315 2643 quia
335 2578 529 2625 difficilis
540 2576 601 2622 est
624 2575 922 2636 recuperatio.
957 2572 1111 2620 Livius
1125 2576 1170 2619 in
1187 2573 1363 2620 historia
1381 2569 1725 2629 disceptatorum
1739 2573 1855 2618 inter

211 2642 433 2706 populum
453 2634 864 2702 Carthaginiensem
882 2638 930 2681 &
942 2634 1211 2682 Masinissam
1230 2651 1242 2683 :
1261 2640 1402 2693 Legati,
1419 2633 1559 2692 inquit
1579 2670 1591 2687 ,
1604 2636 1853 2694 jmposseffio-

214 2710 274 2752 nis
284 2723 358 2750 non
374 2716 593 2748 mutarunt.

279 2765 379 2812 XL
391 2764 486 2811 IX.
520 2761 713 2810 Alterius
730 2759 905 2822 generis
929 2758 990 2805 est
1004 2757 1158 2805 arbitri
1174 2757 1335 2805 sumtio
1353 2770 1455 2801 curn
1470 2755 1565 2817 quis
1578 2753 1653 2812 ipsi
1668 2754 1780 2799 hosti
1795 2753 1854 2799 de

214 2828 260 2875 se
276 2827 511 2873 arbitrium
526 2823 746 2887 permittit
759 2858 771 2877 ‚
791 2836 884 2881 quae
894 2821 956 2866 est
971 2820 1149 2866 deditio
1166 2835 1274 2882 pura
1290 2855 1302 2873 ,
1337 2816 1557 2864 subditum
1576 2814 1739 2862 faciens
1752 2831 1854 2861 eum

215 2890 294 2950 qui
315 2888 359 2933 se
374 2887 505 2933 dedit
524 2924 536 2941 ‚
567 2888 609 2931 ei
625 2899 736 2931 vero
751 2884 822 2929 cui
849 2883 898 2928 fit
912 2881 1091 2927 deditio
1116 2880 1335 2926 summam
1351 2878 1559 2924 deferens
1574 2878 1853 2941 potestatem.

212 2948 415 2999 ἱππ-ξέπεη
433 2944 715 2990 πὶκοιθόὶυτδν
746 2944 900 2990 dicunt
927 2945 1088 2990 Graeci.
1123 2942 1198 2988 Sic
1224 2941 1405 2987 AEtolos
1430 2941 1472 2984 in
1503 2938 1654 2985 senatu
1669 2954 1854 3000 rogatos
1870 2957 1980 2992 Livius
2001 2958 2058 2992 hb,

215 3011 407 3074 legimus
426 3045 438 3064 ‚
471 3010 841 3071 permitterentne
864 3004 923 3050 de
940 3005 982 3051 se
998 3003 1231 3050 arbitrium
1247 3002 1418 3064 populo
1431 3001 1660 3047 Romano.
1692 2999 1853 3047 Confi·
1874 3014 1989 3039 xxxv1
2003 3014 2034 3039 1·

215 3073 326 3119 lium
355 3070 405 3117 L.
423 3068 628 3117 Cornelii
660 3067 837 3115 Lentuli
864 3066 981 3125 apud
1013 3067 1266 3127 Appianum
1296 3066 1412 3111 circa
1438 3064 1570 3111 finem
1585 3062 1686 3108 belli
1703 3062 1854 3108 Punici

217 3133 396 3183 secundi
408 3131 467 3179 de
485 3148 533 3179 re
549 3129 979 3193 Carthaginiensium
998 3128 1086 3173 hoc
1103 3140 1224 3172 erat:
1248 3127 1655 3187 Permittantjnquit,
1677 3128 1852 3169 Cartha-
1865 3139 1979 3174 tran
1987 3147 2025 3174 v.

215 3200 398 3258 gInienses
406 3199 449 3254 se
460 3198 623 3241 arbitrio
631 3197 746 3251 nostro
756 3207 802 3237 ut
817 3197 913 3236 viai
918 3193 1039 3248 solent
1056 3223 1068 3238 ‚
1097 3191 1148 3243 ὠ·
1160 3192 1274 3233 multi
1296 3205 1385 3234 ante
1402 3192 1649 3250 harfecerunt
1666 3210 1677 3232 :
1705 3189 1854 3232 zidehi-

221 3275 309 3304 mm
321 3259 457 3303 deinde
472 3276 536 3304 nos
552 3291 564 3307 ,
593 3256 792 3318 &siquid
807 3257 1006 3316 fuerimus
1030 3255 1162 3307 largiti
1187 3253 1379 3298 habebunt
1405 3253 1704 3310 nobbsgratiam:
1739 3265 1854 3306 neque

1058 3310 1108 3359 Ο
1124 3325 1155 3356 o
1192 3323 1217 3371 ς
1753 3315 1849 3354 enim
