2475 3854
839 262 1783 309 ACPACIS,1.11³.11.
2084 276 2154 316 345

488 326 762 375 naturalibus
776 325 1033 391 persuaderi
1050 341 1141 372 non
1155 326 1278 391 poffe
1295 365 1307 383 ,
1325 327 1401 375 sed
1418 329 1496 374 niti
1514 328 1698 376 historia
1708 342 1806 374 tum
1819 327 2153 377 resurreffionis

491 389 662 437 Christi
679 428 690 446 ,
725 404 824 436 tum
841 389 1166 436 miraculorum
1181 389 1238 436 ab
1253 388 1348 450 ipso
1361 393 1409 437 &
1427 391 1655 452 Apostolis
1671 391 1902 437 editorum
1925 408 1936 439 :
1965 409 2060 453 quae
2076 409 2149 440 res

491 452 552 500 est
569 452 673 499 fasti
692 452 804 498 olim
820 450 1003 514 quidem
1019 449 1405 516 irrefragabilibus
1420 453 1685 499 testimoniis
1702 451 1911 516 probata,
1922 452 1998 500 sed
2012 455 2145 513 olim,

489 516 556 561 ita
570 529 619 561 ut
636 517 684 561 &
695 514 788 561 haec
805 513 983 577 quaestio
1000 512 1106 559 faffl
1125 514 1174 560 fit
1190 550 1202 566 ,
1228 516 1379 573 &jam
1397 516 1660 578 perantiqui.
1709 518 1818 580 Qo
1830 518 1974 580 magis
1991 517 2040 563 fit
2059 554 2071 569 ‚
2100 532 2152 566 ut

489 576 694 625 doetrina
709 577 799 623 haec
822 576 881 623 ab
909 575 979 622 his
993 577 1070 638 qui
1085 591 1200 622 nunc
1229 578 1426 639 primum
1443 593 1548 623 eam
1577 577 1760 625 audiunt
1791 580 1966 639 penitus
1982 581 2025 626 in
2055 584 2152 627 ani-

490 654 618 684 mum
632 639 813 685 admitti
831 652 1024 700 nequeat
1050 638 1128 684 nisi
1158 637 1336 687 secretis
1366 641 1457 687 Dei
1474 641 1646 687 auxiliis
1672 640 1990 688 accedentibus
2010 680 2022 698 ‚
2056 659 2151 705 quae

491 699 600 747 ficut
616 701 775 762 quibus
793 700 956 747 dantur
966 716 1061 747 non
1071 700 1234 746 dantur
1250 703 1295 747 in
1310 703 1462 765 operis
1492 702 1676 763 alicujus
1702 702 1960 750 mercedem
1981 742 1992 758 ,
2025 705 2088 751 ita
2115 704 2150 753 fi

489 760 648 825 quibus
666 777 885 827 negantur
898 777 974 809 aut
992 763 1136 809 minus
1151 763 1276 827 large
1299 765 1611 811 conceduntur
1628 803 1640 821 ‚
1675 765 1720 811 id
1736 765 1785 811 fit
1799 764 1861 810 ob
1885 768 2035 814 causas
2058 783 2150 813 non

488 826 659 886 iniquas
677 826 774 871 illas
791 824 973 888 quidem
989 824 1062 870 sed
1081 825 1327 888 plerunque
1341 826 1472 873 nobis
1484 828 1734 889 incognitas
1752 865 1764 882 ,
1785 844 1837 873 ac
1852 830 2047 888 proinde
2061 829 2149 875 hu-

488 902 626 936 mano
641 888 813 950 judicio
830 903 919 934 non
934 886 1169 949 punibiles.
1203 889 1310 936 Huc
1328 888 1506 952 respicit
1526 888 1689 936 Canon
1705 889 1884 936 concilii
1899 890 2114 938 Toletani
2131 909 2145 940 :

486 956 660 1011 Praecipit
677 953 817 1010 fimd'ia
846 952 1008 1015 synodus
1027 953 1054 984 ‘⁴‘
1080 956 1225 998 nemini
1252 955 1416 1013 deinceps
1437 955 1493 997 ad
1512 956 1741 999 credendum
1766 958 1849 997 vim
1877 957 2033 1011 inferre.
2070 961 2145 1000 cus·
2164 975 2239 1020 Cap.
2255 972 2297 1006 de
2311 975 2368 1007 lu-

487 1018 590 1058 em'm
606 1017 694 1058 vult
710 1022 816 1058 Deus
832 1016 1043 1071 miseretur,
1062 1015 1111 1067 εἷ
1120 1032 1231 1075 quem
1246 1018 1336 1060 vult
1351 1017 1531 1060 indurat.
1565 1015 1678 1060 MOS
1695 1015 1818 1059 enim
1835 1014 1895 1060 est
1918 1015 2147 1062 sacrorum
2164 1020 2230 1055 ‘1⁴¹2
2242 1021 2377 1069 “fi-45·

487 1071 712 1121 librorum
728 1076 753 1104 *
774 1090 966 1135 quarum
982 1089 1133 1120 rerum
1148 1074 1285 1123 causae
1314 1091 1398 1122 nos
1412 1075 1552 1122 latent
1567 1078 1631 1123 eis
1655 1074 1826 1123 causam
1844 1076 2063 1142 affignare
2079 1078 2146 1124 di-

487 1137 641 1183 vinam
659 1136 961 1184 voluntatem.
1001 1135 1208 1184 Alterum
1225 1138 1313 1185 hoc
1331 1139 1393 1184 est
1410 1176 1422 1194 ‚
1456 1143 1480 1170 *
1502 1137 1689 1186 Christo
1701 1139 1957 1203 novaelegis
1972 1141 2145 1196 auctori

485 1200 677 1246 omnino
694 1201 786 1246 hoc
800 1198 1003 1260 placuiffe
1020 1212 1069 1245 ut
1080 1198 1136 1245 ad
1155 1200 1304 1264 legem
1322 1200 1444 1248 suam
1458 1201 1763 1264 recipiendam
1778 1217 1916 1248 nemo
1939 1203 2067 1260 huius
2078 1205 2148 1251 vi-

484 1274 540 1308 tae
555 1263 695 1322 poenis
710 1276 788 1308 aut
801 1277 959 1308 earum
975 1275 1102 1308 metu
1118 1265 1478 1326 pertraheretur,
1499 1263 1705 1310 Roman
1716 1280 1737 1310 1
1750 1280 1768 1309 1
1778 1302 1789 1320 ‚
1809 1280 1831 1309 1
1843 1277 1866 1324 ς’
1884 1286 1899 1323 3
1916 1265 2092 1312 Hebr.1
2103 1282 2146 1323 1,

486 1339 511 1371 1
522 1337 545 1385 ς
551 1344 566 1382 3
581 1322 1100 1384 Iohan.v1‚673Luc.1x‚
1110 1339 1184 1388 543
1193 1327 1429 1374 Mattli.x1
1442 1343 1460 1373 1
1472 1343 1494 1376 1
1505 1339 1601 1390 ,243
1619 1342 1712 1390 quo
1729 1326 1852 1373 sensu
1868 1328 2147 1376 veriffimum

485 1386 596 1433 illud
611 1387 885 1434 Tertulliani
901 1403 914 1435 ε
929 1397 1006 1433 Lex
1017 1407 1124 1434 nova
1137 1409 1211 1436 non
1215 1393 1261 1450 se
1275 1394 1450 1436 vindicat
1464 1395 1584 1437 ultore
1592 1395 1733 1450 gladio.
1760 1389 1810 1436 In
1825 1390 1945 1437 libro
1957 1395 2147 1453 antiquo

483 1451 556 1495 cui
570 1465 738 1497 nomen
756 1448 1099 1497 constitutiones
1117 1449 1371 1498 Clementis
1391 1451 1448 1498 de
1467 1451 1652 1499 Christo
1670 1452 1835 1499 dicitur
1851 1493 1861 1508 ‚
1884 1454 1925 1494 π’
1936 1453 2150 1503 αόπξὲστον

484 1511 521 1555 ἦ
534 1510 620 1566 disp
627 1513 726 1556 ὥπων
743 1512 883 1565 alwine»
896 1510 1106 1568 ἒλόῦἳεϋν,
1124 1512 1148 1555 ἐ
1159 1514 1370 1569 ωερσκαλρω
1392 1514 1542 1569 θανάτῳ
1557 1515 1746 1571 Διιῃῗζων,
1764 1515 1844 1559 ἀλλ’
1859 1515 1901 1557 οἶν
1915 1516 2021 1576 ἐπέξει
2034 1516 2152 1569 ²492&-

484 1572 577 1625 ςοίστί
594 1575 791 1634 λοῃῇεπὲῖν
801 1575 911 1618 αὐτό.
933 1579 1112 1622 Liberam
1127 1582 1277 1640 reliquit
1292 1582 1508 1624 hominibus
1520 1581 1679 1624 arbitrii
1688 1585 1919 1639 potestatem,
1939 1601 2012 1627 non
2026 1600 2152 1630 morte

489 1644 689 1699 temporali
718 1659 773 1685 eos
800 1647 961 1701 puniens
979 1674 990 1689 ‚
1016 1640 1080 1696 sed
1092 1644 1134 1685 in
1162 1645 1283 1686 altero
1295 1644 1424 1700 seculo
1452 1644 1507 1686 ad
1531 1644 1767 1687 reddendam
1782 1649 1973 1689 rationem
1988 1663 2144 1696 vocans&

483 1700 511 1734 ³⁸³
528 1700 792 1748 Athanafius
814 1718 825 1749 ξ
860 1708 1050 1748 Dominus
1063 1721 1139 1748 non
1157 1721 1280 1762 cogens
1297 1737 1308 1752 ,
1327 1705 1400 1760 sed
1421 1706 1640 1748 libertatem
1643 1707 1762 1763 sumn
1776 1708 1976 1751 voluntati
1982 1714 2148 1766 permit-

486 1780 568 1810 tens
582 1768 733 1810 dicebat
747 1769 901 1827 quidem
915 1768 1030 1824 vulgo
1049 1768 1224 1810 omnibus
1244 1780 1254 1810 ε
1275 1771 1310 1809 δι’
1324 1770 1407 1823 quis
1427 1768 1514 1810 vult
1531 1772 1664 1810 venire
1670 1772 1750 1826 possi
1767 1785 1837 1811 me.-
1852 1771 2144 1827 Apostolbsvero:

484 1831 516 1859 *
531 1830 722 1888 numquid
741 1829 791 1880 &a
805 1848 873 1872 vos
893 1830 1003 1870 abire
1019 1829 1141 1871 vultis
1158 1839 1174 1870 ‚²
1191 1824 1543 1885 Chrysostomus
1562 1827 1620 1873 ad
1639 1827 1829 1873 eundem
1848 1830 2059 1879 Iohannis
2074 1832 2143 1879 lo-

481 1903 586 1933 cum
607 1904 618 1935 ;
636 1888 748 1947 ἒξωῖᾆῐ
764 1888 867 1942 λέγων
882 1920 893 1939 ,
911 1887 965 1942 μὴ
980 1890 1013 1945 ‚g
1030 1887 1134 1940 ὑμεῖς
1149 1887 1272 1938 θέλετε
1286 1888 1475 1939 ὼοίγεινς
1491 1890 1574 1948 ‘dmg
1590 1892 1716 1931 ‘nilo-ow
1726 1884 1763 1936 ἦν
1775 1890 2038 1948 οἰφοωρρῧῖἷῶυ
2054 1895 2146 1945 βίρω,

483 1953 519 2009 ις
531 1948 701 2001 οἱνοέγκην
716 1967 726 1990 :
765 1958 976 2007 interrogat
993 1966 1044 1994 an
1057 1953 1104 2003 Εἰ
1116 1951 1182 2009 ipfi
1192 1953 1319 1996 velint
1337 1954 1522 2010 discedere
1544 1987 1554 2001 ,
1579 1955 1682 2013 quod
1695 1972 1841 1999 omnem
1858 1963 1910 1999 eft
1931 1964 2149 2003 amoventis

481 2018 567 2057 vim
576 2032 622 2059 ac
637 2013 899 2070 necessitatem.
918 2009 1023 2058 Nec
1041 2009 1187 2057 obstat
1200 2011 1310 2058 illud
1324 2013 1366 2058 in
1385 2011 1536 2059 fabula
1552 2012 1610 2059 de
1625 2016 1938 2077 nuptiis‚quod
1958 2018 2144 2079 quidam

479 2073 694 2133 jubentur
705 2075 810 2138 cogi
826 2075 1008 2129 intrare,
1031 2072 1446 2137 Luc.xtv‚23:nam
1465 2074 1574 2122 ficut
1586 2077 1629 2121 in
1643 2076 1736 2137 ipsa
1754 2075 1919 2125 fabella
1932 2079 2043 2126 illud
2061 2097 2144 2126 co-

480 2152 590 2198 gere
605 2140 629 2166 *
647 2136 899 2183 instantiam
914 2138 1147 2183 vocatoris
1165 2137 1461 2201 fignificat‚ita
1475 2139 1524 2183 δε
1541 2139 1584 2183 in
1602 2137 2028 2203 affabulatione‚quo
2047 2141 2143 2189 sen-

480 2199 528 2245 su
555 2216 651 2246 vox
677 2198 875 2258 ejusdem
895 2199 1222 2263 significationis
1259 2201 1474 2262 accipitur
1512 2199 1625 2247 Luc.
1640 2218 1782 2255 XXIV,
1804 2216 1864 2264 29
1883 2224 1898 2261 3
1914 2221 1996 2250 nec
2010 2205 2143 2252 aliter

480 2260 848 2318 Matth.x1v‚22;
866 2261 1017 2307 Marci
1036 2274 1195 2324 *7145'3
1210 2263 1298 2309 Gal
1319 2275 1480 2324 11‚14.
1499 2262 1750 2323 Procopius
1767 2267 1811 2310 in
1829 2282 1985 2313 arcana
2000 2267 2142 2313 histo-

478 2324 554 2370 riae
568 2336 696 2385 parte
711 2323 851 2369 docet
868 2327 895 2370 a
918 2322 1185 2386 sapientibus
1201 2325 1433 2387 culpatum
1459 2324 1583 2372 fuiffe
1602 2329 1625 2355 *
1645 2326 1867 2373 Iustiniani
1884 2328 2136 2385 confilium,

479 2384 608 2449 quod
623 2383 872 2431 Samaritas
883 2386 928 2432 vi
942 2401 993 2431 ac
1009 2387 1142 2432 minis
1157 2385 1213 2432 ad
1234 2386 1543 2434 Christianam
1557 2388 1825 2451 religionem
1838 2390 2108 2452 compulerit
2123 2409 2138 2440 :

479 2446 612 2494 addit
629 2449 677 2491 δε
690 2446 988 2494 incommoda
1001 2446 1106 2494 inde
1124 2447 1273 2496 secuta
1291 2467 1385 2511 quae
1401 2449 1518 2512 apud
1537 2448 1678 2512 ipsum
1697 2452 1834 2515 legas.

544 2507 728 2555 XLIX.
765 2510 858 2563 Qui
877 2524 988 2555 vero
1018 2506 1289 2559 Christianis
1280 2529 1404 2557 mum
1424 2512 1642 2558 docentes
1659 2528 1734 2559 aut
1750 2512 2012 2574 profitentes
2033 2530 2136 2561 eam

481 2570 545 2619 ob
570 2569 747 2617 causam
767 2572 908 2632 poenis
923 2569 1117 2618 subdunt
1135 2609 1145 2622 ‚
1179 2573 1296 2620 haud
1312 2573 1449 2620 dubie
1469 2573 1637 2620 faciunt
1662 2589 1821 2621 contra
1838 2574 1971 2636 ipsam
1991 2579 2136 2623 ratio-

479 2649 587 2680 nem
603 2670 615 2688 ‚
644 2632 755 2678 nihil
770 2635 890 2679 enim
902 2633 963 2679 est
980 2635 1023 2679 in
1040 2632 1267 2696 disciplina
1284 2632 1536 2683 Christiana
1565 2640 1580 2694 (
1601 2636 1736 2698 ipsam
1753 2637 1825 2682 hic
1843 2653 1920 2698 per
1938 2637 1978 2683 se
1991 2639 2136 2685 consi-

479 2695 612 2750 dero,
631 2710 723 2740 non
741 2709 958 2756 quatenus
973 2696 1014 2741 ei
1031 2695 1294 2743 insincerum
1309 2698 1479 2759 aliquid
1495 2699 1793 2757 admiscetur)
1824 2699 1948 2759 quod
1975 2700 2135 2748 huma-

479 2775 542 2805 nae
558 2757 764 2803 societati
783 2771 945 2803 noceat
963 2795 976 2813 ,
1005 2759 1102 2803 imo
1120 2760 1233 2805 nihil
1257 2760 1384 2822 quod
1403 2776 1493 2807 non
1512 2761 1665 2820 profit.
1701 2760 1792 2806 Res
1810 2760 1897 2821 ipsa
1915 2762 2131 2822 loquitur,

478 2821 529 2872 δε
548 2820 751 2865 extranei
763 2834 989 2883 coguntur
1005 2819 1263 2878 agnoscere.
1299 2821 1464 2868 Plinius
1484 2822 1759 2869 Christianos
1772 2821 2048 2869 sacramento
2066 2826 2134 2869 in-

478 2896 552 2928 ter
564 2880 608 2927 se
623 2880 838 2942 obstringi
855 2884 931 2931 ait,
948 2897 1005 2927 ne
1022 2870 1157 2940 furta,
1178 2900 1233 2929 ne
1250 2886 1483 2931 latrocinia
1500 2887 1803 2938 committant,
1822 2901 1874 2929 ne
1887 2885 2025 2932 fidem
2043 2885 2132 2932 fal·

477 2944 584 2990 lant.
621 2946 646 2972 *
665 2943 935 2991 Ammianus
947 2959 999 2990 ea
1017 2944 1234 3008 religione
1249 2947 1359 2993 nihil
1386 2948 1448 2993 ait
1464 2947 1620 2992 doceri
1639 2985 1649 3001 ‚
1682 2947 1756 2992 nili
1772 2947 1932 3005 justum
1950 2950 1998 2992 δε
2012 2948 2129 2995 lene.

479 3006 539 3052 Et
569 3004 693 3068 vulgi
726 3004 918 3052 Verbum
952 3043 964 3061 ‚
998 3016 1119 3052 Bonus
1147 3014 1215 3054 vir
1252 3018 1367 3069 Cajus
1399 3017 1498 3072 Sejus
1516 3045 1525 3057 ,
1560 3025 1712 3054 tamum
1738 3013 1841 3071 quod
1871 3013 2123 3065 Christianus.
2143 3034 2226 3066 Tm,
2244 3038 2349 3078 Apol.

478 3067 584 3114 Nec
602 3067 892 3113 admittendae
904 3066 1211 3115 excolationes
1229 3109 1241 3126 ,
1274 3086 1396 3117 nova
1413 3073 1570 3116 omnia
1598 3070 1836 3115 iii-eruenda
1858 3108 1868 3124 ‚
1887 3069 2124 3132 prasertim
2146 3092 2173 3112 c.
2197 3090 2227 3124 ς,
2251 3082 2290 3114 &-
2312 3094 2342 3118 ι.

476 3144 621 3179 coetus
644 3144 657 3176 :
691 3144 793 3175 nam
814 3144 960 3190 neque
973 3132 1215 3177 metuenda
1231 3131 1328 3178 fiint
1345 3134 1562 3194 dogmata
1574 3134 1775 3193 quamvis
1792 3147 1909 3177 nova
1927 3170 1938 3187 ‚
1977 3133 2005 3177 si
2025 3149 2128 3178 mo-
2146 3127 2359 3170 “dve'fiNat-

477 3192 543 3238 do
560 3189 619 3237 ad
638 3191 819 3238 honesta
850 3192 1004 3237 omnia
1032 3207 1169 3252 atque
1185 3193 1242 3240 ad
1272 3193 1571 3240 exhibendam
1591 3193 1892 3256 superioribus
1909 3194 2130 3240 obedien-
2149 3186 2178 3207 “
2191 3185 2229 3218 4·

475 3254 590 3301 tiam
607 3252 789 3307 ducant,
805 3269 884 3302 nec
905 3251 1084 3318 suspeffi
1101 3255 1186 3306 esse
1199 3256 1366 3305 debent
1381 3271 1524 3365 cyqetus
1541 3255 1790 3321 proborum
1808 3257 2062 3312 hominum,
2080 3258 2131 3303 &

1471 3332 1495 3379 5
2049 3334 2127 3382 ‘lUl
