2380 3917
153 875 329 923 Varg.eAEn.
340 880 371 908 1.

151 1073 250 1107 Ozmi.
266 1073 353 1106 Met.

153 1131 240 1157 xlv.

152 1251 332 1299 Hippolyto.

380 318 454 357 4¹4
796 308 1641 347 DEIVREBELLI

666 381 743 420 Nos
753 391 936 438 quotquot
947 378 1060 435 hujus
1075 380 1226 423 colimus
1242 376 1345 421 urbis
1359 383 1518 430 moem'a.

663 437 870 494 Sufficimus
883 439 1085 497 ipsinostra
1089 442 1243 498 judicia
1258 441 1414 499 exsequi,

390 499 492 547 Nec
511 497 600 545 alio
619 497 729 544 illud
748 499 965 561 pertinet:

664 571 842 622 spartam
860 564 934 606 tibi
949 581 1023 625 qua
1040 568 1196 623 contigit
1214 579 1310 608 orna
1323 583 1335 606 .-

663 626 779 668 Nobis
786 628 937 681 fuerint
953 642 1044 670 cura
1060 633 1229 682 Mycena.

387 687 447 733 Et
460 683 760 746 Thucydides
777 689 894 732 inter
912 682 1024 733 stimi
1042 683 1219 747 imperii
1239 682 1358 748 figna
1376 680 1523 744 posuit
1563 687 1609 729 τὸ
1634 682 1814 739 &offlam
1833 686 2067 744 judiciorum

379 754 578 810 summam
591 753 807 810 potestatem
826 785 836 798 ,
867 763 957 794 non
993 749 1139 796 minus
1156 763 1294 811 quam
1312 744 1555 801 τόἀυῖἐνομον
1573 744 1638 797 ³592?
1655 744 1699 785 en*
1709 745 1909 798 ἂνῖοπλὶς,
1923 747 1972 793 id
1986 748 2064 804 est,

390 817 510 872 legum
522 813 872 871 &magistratuum
889 816 1139 858 creandorum
1144 809 1330 873 jus.Nec
1349 809 1438 855 alio
1456 811 1653 872 pertinet
1670 810 1904 873 poeticum
1919 809 2030 858 illud
2050 827 2066 861 ;

664 881 751 919 Non
767 878 821 919 illi
841 879 1040 935 imperium
1046 879 1168 936 pelagi
1185 891 1415 936 regnumque
1430 875 1628 930 tridentis,

669 939 739 980 Sed
756 941 856 982 mihi
860 939 965 994 sorte
983 941 1139 983 datum.

390 998 448 1045 Et
471 998 572 1044 huic
591 1011 682 1043 non
696 997 907 1046 dissimile
923 997 1035 1047 illud
1056 1010 1089 1046 ·.·

845 1061 872 1088 '¹‘
894 1065 1112 1123 Rescindere
1129 1079 1339 1126 numquam

651 1128 724 1170 Dis
743 1127 823 1169 licet
839 1131 932 1171 adia
945 1127 1074 1172 Deam
1090 1148 1102 1170 .-

393 1187 450 1234 Et
466 1185 587 1250 apud
600 1185 868 1249 Euripidem
886 1204 900 1237 :

842 1261 929 1298 Mos
946 1255 1007 1298 ille
1023 1256 1071 1312 est
1086 1256 1216 1301 Detim
1236 1287 1250 1301 .

673 1315 794 1375 Qod
808 1322 923 1376 cupiit
941 1335 1039 1361 unus
1054 1354 1066 1371 ,
1086 1320 1174 1364 huic
1187 1322 1292 1381 nefas
1305 1316 1463 1377 obfistere
1480 1338 1494 1362 .-

151 1369 247 1403 L¹⁶f⁰
273 1379 303 1407 ¹·
322 1371 362 1404 ‘1⁴'
397 1371 652 1430 Nimirum,
672 1391 723 1420 ut
737 1375 861 1422 re&e
877 1377 1072 1442 explicat
1101 1379 1362 1426 Ambrosius
1380 1395 1392 1427 :
1411 1398 1456 1425 ne
1484 1379 1667 1449 ufhrpfzta
1693 1380 1864 1424 aliarum
1895 1385 2071 1440 partium

151 1415 213 1461 off.

153 1500 192 1534 L.
210 1509 245 1533 v.

152 1614 229 1646 Liv.
248 1613 371 1650 Lxllx.

153 1751 334 1786 ¹·7H.rel.a'e

156 1803 333 1843 Inda-15.

154 1990 234 2027 tw.
245 1991 284 2025 de
298 1993 371 2027 lnd.

155 2039 260 2085 resp,
290 2050 327 2083 2,
340 2053 373 2078 n,

160 2092 174 2119 ι
184 2093 219 2130 3.

387 1440 644 1496 fhllicitudt'ne
658 1442 795 1484 bellum
808 1445 907 1486 inter
915 1445 962 1501 se
980 1448 1198 1491 incitarent.
1234 1442 1302 1487 τὲς
1319 1441 1496 1500 ceps-rig&
1513 1441 1620 1480 ἀντ-οι
1635 1456 1714 1480 τινα,
1728 1439 1900 1495 ιφλᾶξέν,
1919 1443 1944 1469 *
1966 1458 2011 1485 ut
2026 1449 2068 1487 in

386 1504 474 1559 suos
489 1503 645 1561 quasque
661 1505 991 1549 animadvertant
1007 1521 1182 1566 aequum
1200 1506 1286 1552 esse
1300 1505 1476 1551 censent
1494 1501 1725 1549 Corinthii
1740 1502 1860 1564 apud
1876 1501 2012 1548 Thuc
2046 1527 2069 1538 -·

393 1560 567 1608 didem.
587 1562 644 1608 Et
665 1561 843 1611 Perseus
861 1566 903 1611 in
918 1569 1129 1615 oratione
1147 1568 1207 1615 ad
1224 1568 1445 1615 Martium
1463 1563 1591 1629 quod
1608 1565 1653 1611 in
1677 1565 1889 1627 Dolopes
1901 1519 2070 1611 fecisset

393 1640 528 1688 negat
543 1622 583 1670 se
602 1622 887 1674 defensurum
907 1644 918 1675 ξ
927 1629 1034 1685 jure,
1051 1633 1269 1693 inquiens,
1281 1636 1352 1694 feci
1368 1649 1461 1685 meo,
1482 1646 1567 1674 cum
1584 1634 1659 1673 mei
1677 1636 1780 1688 regni
1801 1665 1813 1683 ‚
1847 1647 1931 1673 mcae
1950 1631 2070 1674 ditio-

391 1696 450 1733 m's
467 1692 591 1748 essent.
620 1686 710 1735 Sed
728 1690 817 1736 haec
829 1693 985 1739 omnia
1014 1693 1170 1741 locum
1200 1693 1369 1740 habent
1379 1691 1457 1739 'ubi
1482 1706 1588 1738 vere
1604 1687 1865 1751 delinquunt
1883 1688 2064 1745 subditi,

392 1749 512 1795 adde
530 1752 668 1797 etiam
686 1752 762 1799 ubi
781 1753 918 1802 dubia
950 1755 1011 1802 est
1029 1756 1181 1804 causa.
1216 1757 1266 1803 In
1281 1758 1371 1803 hoc
1388 1755 1507 1801 enim
1524 1751 1721 1800 instituta
1747 1751 1809 1799 est
1839 1751 1914 1798 illa
1930 1755 2073 1814 impe-

393 1813 569 1860 riorum
583 1813 856 1864 distributio,
876 1819 938 1865 At
954 1835 1046 1866 non
1062 1822 1220 1876 etiam,
1239 1818 1269 1866 fi
1282 1815 1511 1867 manifesta
1526 1815 1576 1862 sit
1591 1815 1751 1874 injuria
1765 1853 1776 1871 ‚
1807 1814 1939 1878 siquis
1948 1813 2072 1861 Busi-

393 1877 470 1930 ris,
492 1876 693 1925 Phalaris
722 1918 734 1936 ,
753 1879 915 1928 Thrax
930 1881 1191 1930 Diomedes
1205 1898 1258 1929 ea
1274 1884 1318 1928 in
1334 1879 1541 1927 subditos
1557 1892 1766 1925 exerceat
1784 1916 1794 1933 ,
1815 1893 1909 1939 quse
1942 1893 2071 1939 aequo

393 1937 499 1985 nulli
518 1939 771 2001 probentur
788 1982 798 2000 ‚
819 1944 928 1991 ideo
944 1946 1202 2008 praeclufiim
1237 1946 1327 1992 erit
1354 1946 1423 2006 jus
1454 1942 1655 1988 humanae
1675 1938 1915 1987 societatis.
1933 1938 2071 1986 sicin

393 2001 680 2049 Maxentium
698 2006 745 2050 ὅ(
765 2007 808 2052 in
826 2006 1053 2054 Licinium
1072 2007 1411 2062 Constantinus,
1448 2009 1479 2039 *
1511 2005 1557 2051 in
1574 2002 1726 2050 Persas
1744 2003 1816 2049 alii
1835 2002 2073 2049 Romano-

396 2080 496 2110 rum
514 2065 818 2128 Imperatores
835 2086 961 2117 arma
988 2085 1208 2134 ceperunt
1226 2109 1238 2127 ‚
1262 2085 1339 2118 aut
1357 2084 1517 2132 capere
1543 2066 1698 2113 minati
1725 2063 1822 2111 sunt
1838 2065 1916 2111 nisi
1931 2067 2024 2112 vim
2043 2069 2071 2112 Ξι

393 2126 656 2177 Christianis
673 2131 901 2196 religionis
919 2136 1102 2181 nomine
1131 2147 1350 2181 arcerent.
1385 2132 1488 2179 Imo
1512 2131 1650 2176 etiam
1666 2126 1695 2173 fi
1727 2128 1912 2175 daretur
1932 2143 1991 2174 ne
2026 2129 2072 2174 in

392 2189 566 2239 summa
583 2195 768 2253 quidem
790 2197 1047 2243 neceffitate
1065 2213 1193 2243 arma
1209 2196 1328 2243 redte
1345 2198 1371 2241 a
1388 2193 1577 2241 subditis
1595 2193 1706 2238 sumi
1725 2193 1831 2254 (qua
1845 2190 1903 2237 de
1921 2207 1968 2237 te
1986 2191 2073 2238 du-

391 2253 538 2300 bitare
558 2256 756 2304 vidimus
770 2259 872 2305 illos
888 2260 1008 2319 ipsos
1030 2275 1229 2323 quorum
1247 2258 1498 2305 institutum
1515 2253 1600 2302 fuit
1611 2256 1782 2318 regiam
1798 2253 2072 2318 potestatem

390 2317 647 2366 defendere
671 2324 685 2378 )
705 2337 797 2367 non
810 2336 961 2368 tamen
978 2325 1087 2369 inde
1104 2322 1308 2384 sequetur
1325 2336 1416 2367 non
1440 2318 1561 2384 posse
1592 2332 1676 2380 pro
1695 2315 1793 2380 ipfis
1810 2316 1867 2363 ab
1884 2318 1981 2363 aliis
1998 2332 2071 2362 ar-

390 2399 467 2429 ma
485 2381 613 2429 sumi.
638 2385 835 2439 Quoties
850 2386 972 2432 enim
986 2385 1150 2432 adtioni
1169 2385 1298 2431 alicui
1315 2383 1689 2445 impedimentum
1724 2382 1906 2441 ponitur
1917 2377 2072 2443 perso-

390 2446 500 2496 nale,
515 2461 607 2492 non
624 2463 682 2493 ex
695 2461 743 2493 re
762 2467 777 2504 3
794 2450 935 2495 toties
978 2448 1106 2511 quod
1120 2450 1194 2494 uni
1211 2447 1422 2494 nonlicet
1447 2481 1456 2495 ,
1490 2444 1618 2491 alteri
1647 2458 1732 2506 pro
1749 2442 1916 2489 eodem
1935 2443 2071 2489 licere

389 2509 535 2571 potest
559 2544 569 2558 ‚
590 2509 783 2556 simodo
802 2511 893 2558 tale
912 2511 965 2558 fit
987 2512 1226 2575 negotium
1243 2512 1287 2557 in
1304 2525 1396 2573 quo
1413 2508 1526 2556 alter
1547 2506 1675 2553 alteri
1691 2503 1896 2568 prodess'e
1913 2504 2067 2569 poffit.

392 2571 470 2619 Sic
488 2588 573 2635 pro
593 2573 763 2637 pupillo
784 2612 794 2629 ,
818 2590 871 2620 cu
876 2574 946 2633 jus
963 2575 1151 2637 persona
1166 2573 1383 2634 judicium
1400 2587 1490 2618 non
1507 2571 1630 2634 capit
1649 2608 1661 2626 ,
1679 2569 1829 2633 litigat
1848 2583 1976 2616 tutor
1994 2580 2071 2614 aut

392 2635 504 2682 alius
526 2653 536 2683 :
552 2652 636 2699 pro
653 2635 831 2683 absente
847 2639 982 2683 etiam
999 2637 1088 2683 fine
1107 2635 1328 2683 mandato
1341 2633 1568 2681 defensor.
1585 2633 1653 2679 Im
1689 2631 1973 2679 cdimentum
1989 2646 2070 2677 au·-

391 2714 487 2745 tem
505 2699 630 2760 quod
656 2699 851 2746 resistere
869 2700 1097 2747 iubdirum
1119 2698 1329 2760 prohibet
1350 2734 1359 2747 ‚
1381 2713 1473 2744 non
1489 2713 1546 2742 ex
1563 2711 1644 2742 cau
1666 2711 1691 2742 a
1732 2696 1858 2742 venit
1878 2711 1974 2757 quae
1992 2709 2068 2740 eam

390 2761 499 2806 dem
518 2762 577 2808 est
596 2764 636 2808 in
655 2761 835 2810 subdito
853 2764 959 2808 &in
980 2778 1068 2808 non
1087 2760 1265 2809 subdito
1282 2800 1292 2817 ,
1309 2760 1382 2807 sed
1401 2777 1458 2806 ex
1473 2759 1670 2821 personae
1701 2758 1914 2818 qualitate
1933 2793 1944 2808 ‚
1975 2772 2070 2820 quae

390 2827 434 2870 in
451 2825 563 2872 alios
579 2840 668 2870 non
684 2828 851 2873 transit.
872 2824 945 2872 Sic
964 2824 1134 2872 Seneca
1151 2824 1370 2871 existimat
1386 2823 1508 2870 bello
1526 2826 1550 2869 a
1569 2837 1645 2867 me
1663 2823 1756 2883 peti
1773 2820 1895 2883 poffe
1919 2859 1930 2877 ‚
1950 2821 2025 2887 qui
2041 2823 2068 2866 a

392 2903 493 2934 mea
513 2903 646 2949 gente
665 2888 878 2951 sepositus
896 2928 905 2944 ‚
925 2888 1046 2934 suam
1057 2889 1274 2951 exagitat,
1312 2901 1360 2932 ut
1380 2886 1579 2933 diximus
1597 2922 1608 2940 ‚
1637 2900 1742 2930 cum
1756 2885 1814 2931 de
1830 2884 1973 2945 poenis
1992 2900 2066 2930 ex-

392 2949 628 3013 poscendis
648 2967 884 3011 ageretur:
904 2968 998 3012 qua·
1014 2966 1082 2996 res
1100 2949 1209 3013 saepe
1238 2965 1340 2995 cum
1359 2948 1620 2994 defenfione
1638 2947 1944 2994 innocentium
1957 2963 2070 2994 con·-

390 3012 534 3073 junsta
550 3013 627 3059 est.
662 3011 839 3060 Scimus
857 3013 1044 3076 quidem
1070 3028 1127 3059 ex
1146 3011 1371 3059 veteribus
1387 3011 1605 3073 novisque
1621 3010 1813 3058 historiis
1842 3010 1970 3056 alieni
1990 3025 2067 3057 cu-

388 3077 628 3142 piditatem
665 3078 753 3123 hos
792 3077 870 3122 sibi
898 3091 1094 3139 quaerere
1126 3075 1366 3122 obtentus:
1401 3073 1473 3120 sed
1494 3089 1584 3119 non
1600 3071 1708 3119 ideo
1725 3075 1873 3121 statim
1895 3075 1964 3133 jus
1974 3073 2060 3120 esse

393 3139 550 3187 desinit
567 3140 592 3185 fi
613 3141 721 3200 quid
738 3145 763 3187 a
781 3141 909 3187 malis
926 3138 1170 3202 usurpatur.
1198 3136 1433 3202 Navigant
1452 3138 1499 3183 &
1515 3138 1664 3200 piratae
1685 3150 1697 3182 :
1722 3136 1851 3184 ferro
1882 3150 2067 3184 utuntur

396 3207 442 3249 ὅ(
462 3203 677 3247 latrones.

464 3265 480 3309 Ι
500 3265 561 3309 Χ.
598 3263 724 3311 Sicut
740 3280 891 3311 autem
909 3263 1143 3311 societates
1157 3263 1336 3312 bellicas
1355 3279 1412 3310 eo
1432 3265 1561 3311 initas
1574 3263 1725 3310 animo
1742 3263 1767 3293 '¹‘
1781 3277 1830 3308 ut
1847 3264 1892 3310 in
1913 3257 2066 3322 quod-

397 3330 464 3381 vis
492 3327 658 3376 beilum
685 3327 808 3376 nullo
842 3327 976 3377 causae
1024 3327 1277 3375 discrimine
1320 3329 1644 3393 promittantur
1678 3324 1856 3378 auxilia,
1888 3326 2067 3432 ΞΙΙιέξῑᾳς

1979 3402 2066 3434 le‘
