2380 3917
377 385 449 425 510
788 370 1666 411 nexvnennttt

374 444 539 504 cipere,
556 438 700 497 addit,
727 439 771 486 ὡς
786 435 930 484 σι’ὃίκως
945 432 1160 488 ἓελόῖἰονὶἒιῑ
1179 455 1225 484 ut
1241 443 1310 499 qui
1327 453 1397 499 per
1413 440 1601 498 injuriam
1610 444 1652 485 in
1657 441 1858 498 servitute
1863 442 2052 503 fuiffint·

375 510 400 535 *
437 503 691 550 Lactantius
709 502 769 547 de
788 501 1067 564 philosophis
1083 501 1298 563 loquens:
1334 507 1439 544 Cum
1476 501 1524 544 de
1538 501 1665 558 officiis
1673 505 1731 548 ad
1745 519 1825 546 rem
1840 507 2051 550 militarem

366 568 649 628 pertinentibm
660 569 873 627 disputant,
891 582 1008 626 neque
1022 565 1276 621 adJ'ustitiam
1291 580 1406 623 neque
1420 563 1477 606 ad
1490 579 1630 608 veram
1643 569 1830 610 virtutem
1840 582 2050 610 accommo-

375 633 498 673 datur
513 632 578 671 illa
589 633 708 672 omnis
724 632 862 682 oratio,
876 629 950 684 sed
964 630 1018 671 ad
1027 630 1130 672 hanc
1147 632 1294 679 visam,
1314 640 1528 685 moremque
1543 628 1720 674 civilem.
1742 623 1872 672 Idem
1889 640 2005 672 mox
2021 627 2050 671 Ξῑ

377 689 600 736 Romanis
617 689 678 734 ait
695 689 901 752 legitime
914 687 1059 735 illatas
1074 687 1272 748 injurias.

441 750 462 796 1
483 750 499 795 1
522 751 558 796 Ι.
601 749 802 797 Primum
814 766 864 797 cr
899 766 930 796 o
945 748 1154 805 dicimus,
1169 748 1199 796 fi
1217 745 1322 795 belli
1339 745 1471 794 causa
1485 745 1641 806 injusta
1650 746 1705 795 fit
1719 782 1733 806 ‚
1770 749 1940 798 etiamst
1955 748 2051 797 bel-

377 812 472 869 lum
493 811 659 859 solenni
679 812 827 859 modo
862 811 1097 876 usceptum
1113 811 1182 868 sit,
1203 810 1388 873 injustos
1417 810 1504 858 effe
1518 810 1695 858 interna
1710 812 1925 871 injustitia
1942 827 2047 860 om-

375 891 454 922 nes
472 875 591 921 aftus
644 876 687 920 ui
707 875 814 922 inde
827 875 1091 923 nascuntur:
1112 876 1177 921 ita
1193 888 1246 921 ut
1271 875 1348 936 qui
1364 870 1556 921 scientes
1580 873 1694 921 tales
1716 874 1841 923 adius
1856 890 2050 939 operan-

376 954 466 994 tur,
488 952 561 985 aut
579 891 638 984 aii
649 952 730 983 eos
746 952 1058 1000 cooperantur
1077 976 1090 994 ‚
1105 936 1303 984 habendi
1316 935 1396 984 fint
1408 937 1452 983 in
1469 951 1631 984 eorum
1649 951 1842 986 numero
1859 976 1872 996 ‚
1893 939 1971 999 qui
1988 935 2049 984 ad

139 1016 155 1046 ι
173 1011 239 1046 cor.
253 1019 315 1053 vi,
377 1016 567 1062 regnum
583 1000 748 1046 caeleste
767 1000 854 1047 fine
872 1002 1136 1064 poenitentia
1184 1000 1391 1047 ervenire
1409 1015 1501 1046 non
1520 997 1716 1060 possunt.
1756 999 1877 1049 Vera
1891 1015 2050 1047 autem

140 1065 200 1092 ¹0·
377 1064 655 1125 poenitentia,
687 1063 715 1109 fi
726 1079 907 1127 tempus
924 1064 974 1110 &
990 1066 1124 1136 copia
1159 1076 1344 1126 uppetat
1361 1099 1374 1118 ,
1390 1063 1581 1108 omnino
1597 1062 1790 1128 requirit
1805 1102 1818 1121 ,
1854 1075 1904 1110 ut
1915 1063 1953 1109 is
1968 1064 2049 1123 qui

374 1130 590 1171 damnum
609 1125 754 1183 dedit,
775 1125 866 1175 sive
878 1125 1210 1182 interficiendo,
1226 1125 1315 1173 five
1325 1140 1396 1172 res
1411 1124 1863 1187 corrumpend0,five
1878 1125 2049 1188 praedas

375 1187 575 1253 agendo,
592 1187 639 1234 id
657 1186 799 1252 ipsum
816 1188 1046 1237 resarciat.
1065 1190 1182 1238 Ideo
1201 1188 1367 1236 Deus*
1385 1203 1520 1249 negat
1532 1202 1663 1250 grata
1682 1186 1760 1234 fibi
1778 1189 1862 1237 effe
1878 1188 2047 1250 jejunia

135 1257 326 1296 lon-1¹‚10-
375 1265 537 1297 eorum
555 1253 634 1312 qui
651 1266 745 1297 non
757 1256 856 1312 jure
871 1268 1035 1315 captos
1049 1249 1315 1299 detinebant
1335 1266 1347 1298 :
1363 1251 1413 1297 δε
1425 1250 1650 1299 Ninivitis
1664 1265 1748 1298 rex
1759 1253 1963 1300 indicens
1976 1251 2048 1311 ju-

375 1314 539 1360 stitium
570 1315 767 1377 praecipit
787 1331 835 1361 ut
852 1317 1006 1377 rapina
1024 1331 1184 1363 manus
1198 1312 1511 1363 vacuefaciant
1534 1349 1547 1370 ,
1567 1327 1734 1360 naturae
1751 1315 1888 1362 ductu
1901 1328 2048 1376 agno-

372 1375 494 1422 scens
512 1375 599 1422 sine
615 1377 694 1422 tali
709 1375 987 1426 restitutione
999 1378 1317 1442 poenitentiam
1333 1375 1482 1423 fidiam
1498 1378 1547 1423 δε
1564 1376 1742 1423 inanem
1759 1375 1876 1425 fore.
1895 1376 2048 1436 Atque

135 1453 228 1487 Liba.
238 1460 320 1498 pu-
374 1439 436 1482 ita
467 1439 676 1489 videmus
723 1438 886 1488 sentire
919 1440 945 1469 ²⁸
981 1458 1074 1489 non
1099 1441 1277 1490 Iudaeos
1306 1452 1482 1488 tantum
1495 1440 1546 1487 &
1559 1436 1841 1489 Christianos
1861 1477 1874 1493 ,
1903 1437 1982 1485 sed
1997 1439 2047 1487 δε

132 1510 292 1554 ceptorum
307 1499 351 1531 le·
373 1500 399 1527 *¹
434 1500 794 1549 Mahumetistas.

128 1556 348 1637 ῗῇξξζῗζζζ,
439 1562 460 1609 1
477 1563 533 1610 V.
568 1563 644 1611 Ad
656 1563 985 1614 restitutionem
1002 1580 1159 1614 autem
1175 1581 1382 1615 tenentur
1402 1605 1413 1624 ‚
1431 1564 1673 1613 secundum
1685 1579 1737 1613 ea
1748 1580 1844 1628 quae
1857 1578 2047 1630 genera·

134 1642 355 1674 summer-
377 1625 478 1672 liter
496 1632 523 1674 a
542 1627 678 1674 nobis
691 1626 795 1674 alibi
806 1629 1035 1692 explicata
1046 1628 1160 1687 sunt,
1179 1629 1285 1678 belli
1298 1629 1532 1684 austere&
1555 1627 1648 1676 five
1678 1626 1914 1692 potestatis
1929 1631 2045 1684 iure,

135 1686 353 1747 ⁶⁰⁶ell¹1⁷²12?·
378 1687 466 1734 five
482 1689 668 1736 consilio
686 1728 697 1745 ,
716 1689 776 1736 de
806 1694 874 1739 his
903 1692 1070 1739 scilicet
1102 1692 1315 1741 omnibus
1332 1708 1427 1755 quae
1458 1690 1628 1739 bellum
1643 1690 1856 1753 consequi
1871 1689 2041 1738 solent:

141 1741 177 1775 '³
195 1748 231 1785 ⁷⁷²
252 1740 350 1769 ¹⁰³⁷
377 1753 515 1798 etiam
533 1751 801 1806 deinsolitis‚
821 1755 851 1802 fi
869 1754 977 1817 quid
997 1755 1086 1803 tale
1096 1755 1326 1816 jusserunt,
1341 1770 1417 1804 aut
1427 1753 1666 1811 suaserunt,
1684 1769 1760 1803 aut
1775 1769 1881 1800 cum
1898 1755 2046 1815 impe-

134 1790 334 1863 ‹ioila‘ssffizzss
374 1814 473 1860 dire
492 1815 665 1877 poffent
683 1832 775 1864 non
792 1817 1113 1882 impedierunt.
1145 1817 1222 1866 Sic
1239 1818 1434 1868 &duces
1445 1832 1652 1865 tenentur
1676 1819 1737 1865 de
1768 1817 1838 1864 his
1853 1831 1948 1878 quae
1964 1812 2045 1862 suo

139 1885 154 1910 ¹
171 1886 197 1911 ¹»
215 1890 243 1908 η-
260 1875 296 1911 8·
377 1875 514 1923 ductu
534 1877 649 1925 fasta
663 1877 782 1928 sunt:
815 1882 865 1927 δε
880 1881 1044 1929 milites
1057 1882 1101 1926 in
1120 1881 1315 1930 solidum
1335 1895 1496 1928 omnes
1512 1881 1588 1942 qui
1604 1879 1663 1927 ad
1679 1880 1825 1927 astum
1845 1880 2045 1941 aliquem

132 1922 359 2012 ffi'ssssfflfJ·
375 1955 669 1987 communem
686 1978 697 1998 ‚
731 1956 838 2006 puta
855 1942 977 1991 urbis
1004 1943 1261 1992 incendium
1283 1982 1295 2001 ,
1310 1958 1633 1992 concurrerunt
1649 1958 1663 1991 z
1678 1945 1723 1991 in
1733 1940 1905 1989 astibus
1924 1940 2046 1989 divi-

137 2018 243 2050 ,Λάαι
256 2020 279 2050 t.
377 2002 476 2049 duis
495 2018 580 2064 pro
598 2005 769 2053 damno
786 2004 972 2072 quisque
995 2008 1123 2068 cujus
1139 2008 1231 2072 ipse
1244 2005 1373 2055 causa
1401 2009 1533 2054 unica
1548 2044 1561 2064 ‚
1578 2022 1656 2054 aut
1667 2020 1792 2054 certe
1805 2006 1923 2052 inter
1939 2019 2046 2052 cau-

136 2065 314 2109 quvWS·
376 2064 442 2110 sas
459 2064 562 2113 fuit.

127 2110 244 2200 2⁶22]
265 2110 354 2143 D'd‘
439 2127 496 2176 V.
534 2128 706 2193 Neque
731 2131 1063 2181 admittendam
1077 2147 1233 2198 putem
1249 2134 1566 2196 exceptionem
1583 2148 1717 2194 quam
1744 2129 1944 2178 nonnulli
1960 2128 2044 2178 ad·-

137 2205 226 2237 σιω.
240 2204 262 2237 d
277 2206 347 2236 loco.
376 2189 525 2237 ferunt
541 2193 599 2239 de
614 2193 682 2240 his
693 2196 769 2255 qui
785 2197 881 2243 aliis
898 2211 1090 2261 operam
1105 2203 1291 2246 navant:
1303 2196 1333 2244 fi
1350 2196 1498 2243 modo
1512 2197 1557 2241 in
1572 2195 1674 2257 ipfis
1692 2193 1863 2257 aliquid
1880 2194 2045 2241 haereat

137 2261 302 2332 ἴυζ’-11170·
377 2254 531 2317 culpae.
551 2255 621 2301 Ad
641 2258 968 2306 restitutionem
983 2260 1103 2306 enim
1120 2259 1208 2306 fine
1220 2259 1335 2308 dolo
1351 2258 1484 2321 culpa
1510 2257 1683 2306 sufficit.
1725 2254 1841 2304 Sunt
1867 2259 1945 2319 qui
1973 2256 2042 2303 vi·-

136 2297 285 2379 disti]
296 2308 353 2378 ζα,
378 2317 541 2363 dentur
555 2318 808 2367 existimare
820 2337 890 2368 res
903 2320 1025 2367 bello
1044 2337 1202 2386 captas
1222 2360 1235 2380 ‚
1258 2323 1396 2371 etiam
1410 2322 1439 2368 fi
1454 2320 1567 2384 justa
1582 2321 1688 2369 belli
1705 2318 1834 2368 causa
1848 2334 1938 2365 non
1956 2318 2039 2366 ad-

135 2401 282 2434 c.9,›mm
303 2402 355 2431 17.
380 2378 515 2425 fuerit
535 2418 546 2436 ‚
563 2379 817 2431 reddendas
833 2400 924 2430 non
941 2383 1050 2441 effe,
1070 2401 1130 2432 eo
1158 2386 1287 2447 quod
1321 2384 1539 2431 bellantes
1554 2386 1671 2431 inter
1687 2383 1733 2432 se
1748 2398 1852 2430 cum
1871 2381 2039 2428 bellum

139 2439 348 2520 fsl‘gfflsdff‘·
380 2442 568 2489 inierunt
582 2442 657 2492 ista
673 2446 950 2505 capientibus
967 2446 1150 2496 donaffe
1168 2447 1308 2496 intelli
1345 2463 1484 2495 antur.
1508 2445 1600 2494 Sed
1613 2462 1749 2494 nemo
1763 2443 2040 2500 suumiatsta-

139 2511 242 2567 „en-²
271 2496 330 2521 '¹⁶
377 2521 426 2551 re
442 2522 612 2552 temere
630 2509 904 2569 praesumitur
925 2526 936 2557 :
955 2512 1003 2556 &
1020 2510 1189 2559 bellum
1208 2528 1290 2574 per
1323 2529 1347 2557 e
1364 2511 1501 2575 longe
1514 2509 1636 2558 abest
1666 2514 1694 2557 a
1728 2506 2040 2556 contractuum

375 2583 541 2614 natura.
567 2568 629 2616 Vt
646 2588 757 2618 veto
771 2575 916 2633 pacati
929 2574 1084 2636 populi
1099 2576 1210 2621 certi
1229 2573 1338 2636 quid
1358 2572 1576 2620 haberent
1595 2571 1719 2635 quod
1732 2571 2036 2635 sequerentur,

375 2645 455 2676 nec
472 2631 594 2677 bello
613 2635 945 2697 implicarentur
959 2636 1104 2692 inviti,
1122 2635 1367 2683 sufficiebat
1378 2634 1661 2682 introductio
1677 2636 1850 2682 externi
1868 2635 1927 2680 de
1942 2650 2036 2696 quo

374 2692 570 2739 diximus
587 2695 779 2744 dominii
801 2735 812 2750 ,
832 2697 960 2758 quod
974 2714 1078 2744 cum
1093 2702 1267 2746 interna
1294 2697 1578 2762 obligatione
1591 2696 1878 2745 restitutionis
1891 2695 2037 2759 potest

372 2755 623 2803 consistere.
636 2760 785 2822 Atque
801 2760 846 2807 id
863 2761 924 2806 illi
942 2761 1019 2821 ipfi
1038 2762 1247 2808 auctores
1274 2760 1483 2807 videntur
1500 2759 1695 2809 statuere
1715 2761 1758 2808 in
1775 2762 1873 2821 jure
1889 2761 2029 2823 capti-

135 2838 211 2869 Μ,
229 2845 288 2871 ix.
376 2821 522 2864 vitatis
542 2820 968 2880 personatumldco
988 2822 1211 2871 Samnites
1225 2822 1344 2885 apud
1374 2822 1556 2869 Livium
1574 2861 1586 2880 ‚
1616 2844 1672 2871 res
1689 2828 1844 2884 hostium
1855 2832 1897 2870 in
1910 2826 2038 2885 prada

135 2885 207 2958 ιζ’ἴ-
223 2893 265 2957 ΓΠ
281 2894 290 2917 ¹
305 2894 332 2918 ¹-
373 2897 498 2933 captas
515 2902 589 2942 qua
607 2886 1417 2949 &cassura2-1os7rav1'debanturremifimm·
1448 2884 1739 2935 Videbamus
1755 2888 1831 2940 ait,
1850 2888 1950 2949 qula
1967 2886 2034 2930 ln·

137 2942 322 3014 ,jjcfs
364 2944 519 3003 justum
537 2944 580 2989 id
594 2947 760 2993 bellurn
779 2947 927 2995 fuerat
944 2965 992 2996 ut
1010 2954 1100 3009 jam
1119 2965 1220 2995 ante
1234 2964 1511 3010 agnoverant
1526 2948 1764 2996 Samnites.
1780 2948 1894 2996 Non
1908 2947 2032 2995 diffi-

218 3005 224 3018 ’
334 3007 341 3014 “
366 3008 472 3051 mile
488 3007 546 3050 cst
566 3010 688 3068 quod
706 3027 764 3055 ex
780 3012 1010 3059 contractu
1031 3012 1119 3058 fine
1139 3011 1252 3058 dolo
1273 3013 1382 3056 inito
1398 3012 1467 3057 cui
1484 3011 1591 3058 inest
1619 3013 1910 3074 inaequalitas,
1934 3016 2033 3072 jure

367 3073 569 3131 gentium
604 3073 793 3118 nascitur
826 3073 1011 3121 facultas
1030 3074 1233 3136 quaedam
1252 3074 1446 3137 cogendi
1481 3090 1586 3120 eum
1604 3077 1679 3137 qui
1709 3077 1941 3123 contraxit
1971 3073 2031 3121 ad

369 3133 595 3192 implenda
624 3136 774 3198 pasti:
808 3150 884 3182 nec
916 3154 972 3183 eo
1006 3153 1157 3183 tamen
1189 3135 1334 3181 minus
1363 3138 1438 3197 qui
1465 3135 1561 3199 plus
1579 3153 1704 3200 aequo
1723 3137 1956 3200 stipulatus
1971 3134 2034 3181 est

372 3210 464 3238 rexi]
480 3195 535 3240 ad
553 3199 844 3254 aequalitatem
864 3199 1080 3246 reducere
1100 3216 1157 3244 cx
1175 3198 1305 3260 probi
1320 3215 1370 3244 ac
1384 3200 1444 3259 pii
1456 3200 1649 3247 hominis
1665 3201 1821 3248 officio
1837 3215 2032 3247 tenetur.

228 3306 242 3321 f
437 3256 474 3301 V
488 3259 529 3322 J.
569 3257 652 3302 Sed
685 3264 731 3304 ὅ(
750 3263 821 3322 qui
840 3260 1056 3307 damnum
1076 3260 1166 3322 ipse
1184 3276 1272 3305 non
1290 3259 1417 3308 dedit
1434 3299 1445 3317 ,
1467 3277 1541 3309 aut
1559 3262 1646 3308 fine
1662 3265 1787 3310 omni
1807 3265 1937 3327 culpa
1956 3261 2034 3306 de-

140 3308 329 3395 {LUE
376 3319 457 3367 dit,
478 3319 545 3363 leri
568 3336 659 3365 rem
674 3323 796 3368 bello
813 3325 971 3381 injusto
985 3340 1165 3386 captam
1182 3321 1236 3367 ab
1251 3323 1340 3367 alio
1352 3340 1485 3385 penes
1502 3325 1542 3371 se
1560 3325 1712 3380 habet,
1731 3339 1912 3372 tenetur
1929 3337 2031 3368 eam

378 3380 567 3425 reddere
589 3420 598 3436 ‚
619 3387 722 3442 quia
740 3402 817 3431 cui·
834 3387 943 3432 alter
962 3402 1013 3434 ea
1031 3401 1185 3433 carere
1203 3383 1364 3432 debeat
1381 3387 1497 3435 nulla
1511 3386 1639 3435 causa
1657 3386 1799 3435 subest
1815 3385 2033 3435 naturali-

1962 3459 2034 3491 ter
