2475 3854
649 286 1664 332 ACPAC18‚1.113.111.
1908 299 1983 340 437

327 352 446 401 tatio
463 351 524 399 est
539 365 646 414 egre
679 350 722 396 ia
755 348 952 396 Belisarii
981 348 1041 396 ad
1073 350 1239 397 milites
1258 350 1377 412 apud
1407 350 1685 414 Procopium
1711 349 1986 401 Vandalico-

324 432 426 464 sum
442 430 481 462 1.
519 367 715 462 Orolffls
731 412 850 459 libro
871 428 924 461 VI
935 428 981 461 1:
1012 424 1101 459 Ecce
1117 416 1263 475 regibus
1280 418 1331 470 (ᾖ,
1344 419 1570 475 temporibm
1586 418 1807 471 Chrzssianis
1825 455 1835 469 ,
1871 437 1973 477 qua-

324 483 412 525 liter
430 482 525 524 bella
540 481 684 526 civilia,
701 496 783 523 cum
799 483 927 523 vitari
942 493 1149 538 nequeunt,·
1161 477 1441 537 tranfiguntur.
1470 476 1597 523 Idem
1615 477 1673 529 de
1687 475 1977 528 Theodosio:

326 552 453 588 Vnum
471 541 627 602 aliquod
642 543 691 584 ab
705 544 815 585 initio
835 544 937 586 urbia
949 541 1102 585 condita.
1121 542 1255 584 bellum
1267 544 1475 601 proferant,
1495 557 1579 586 tam
1591 546 1659 600 pia
1676 540 1881 596 neceffi'tate
1889 546 1974 602 sus·

323 617 471 661 ceptum
497 637 507 651 ‚
533 619 618 647 tam
633 604 776 647 divina
788 605 975 664 felicitate
989 605 1195 661 confestum
1211 638 1224 657 ,
1254 604 1322 646 ubi
1347 616 1545 664 necpugna
1556 622 1716 664 gravem
1732 607 1861 649 cadem
1876 641 1888 660 ,
1912 622 1978 651 nec

324 668 489 711 vic‘ioria
507 681 703 710 cruentam
719 670 878 723 exegerit
893 668 1085 710 ultionem.

386 729 459 770 Aa!
467 732 532 785 jm
547 729 684 785 agendi
702 729 825 772 multa
844 730 1012 788 consequi
1025 728 1209 771 indireez‘e
1226 729 1276 783 ὠ·
1291 743 1402 773 extra
1416 732 1560 789 agentis
1569 729 1827 789 proqut'tum]
1853 726 1975 775 Vide

322 786 407 833 hac
422 787 480 833 de
497 801 544 832 re
559 787 793 834 Thomam
814 787 965 834 Prima
983 786 1212 843 Secundae,
1233 787 1469 849 quaestione
1485 806 1602 836 Lxxr
1616 805 1633 835 1
1647 806 1784 846 1‚art.
1802 788 1845 838 8.
1861 791 1975 839 Mo-

322 847 458 895 linam
477 849 668 897 traCtatu
687 849 879 897 secundo
898 849 1199 912 disputatione
1215 866 1350 896 cxxx.

390 921 522 958 Naves
535 917 584 970 εἷ
623 931 673 958 uae
689 916 858 960 navibm
868 914 1048 972 adsunt]
1085 913 1271 959 Athenis
1289 911 1465 969 dm'ssp‘n&
1481 942 1492 960 ›
1520 914 1569 960 id
1587 915 1647 962 est
1666 915 1796 960 evehi
1814 916 1970 972 vetita,

321 973 424 1030 lina,
448 988 587 1033 utres,
595 933 921 1040 iignumaeera,
942 976 1030 1039 pix.
1069 974 1338 1024 Scholiastes
1351 976 1411 1023 ad
1428 976 1731 1040 Aristophanis
1742 976 1904 1024 Nubes
1921 980 1972 1025 δε

319 1037 520 1099 Equites.

387 1104 428 1143 si
448 1101 664 1157 beneficium
683 1106 766 1157 illi,
792 1119 907 1164 neque
923 1106 1026 1146 vires
1050 1104 1213 1158 majores
1231 1104 1417 1149 daturum
1439 1104 1486 1160 est
1502 1105 1556 1146 ad
1568 1106 1727 1148 exitium
1739 1104 1968 1158 commune]

319 1158 440 1208 Vide
456 1159 668 1208 Parutam
684 1162 802 1211 libro
821 1179 876 1210 vr
887 1179 929 1209 1.

387 1227 537 1270 Publica
546 1226 832 1286 fignificationes
843 1226 963 1286 fieri]
998 1223 1120 1270 Vide
1137 1222 1345 1285 exempla
1357 1223 1400 1268 in
1429 1221 1551 1270 bello
1566 1228 1796 1272 communi
1811 1240 1971 1274 contra

319 1284 579 1348 AEgyptios,
599 1285 848 1336 Saracenos
864 1325 874 1344 ,
893 1286 1108 1349 aliosque.
1123 1303 1165 1334 e.
1183 1287 1265 1333 ult.
1283 1285 1341 1333 de
1354 1285 1736 1333 transactionibus.
1755 1307 1792 1335 c.
1808 1288 1970 1351 fignifi-

317 1348 443 1394 cavit
461 1346 520 1394 de
536 1348 707 1396 Iudaeis.
741 1351 1078 1413 Extravagante
1093 1347 1301 1411 copiosus
1330 1348 1389 1395 de
1407 1349 1563 1395 Iudaeis
1595 1350 1642 1394 &
1671 1364 1713 1395 c⁶
1739 1367 1758 1396 1
1780 1390 1790 1406 ,
1825 1349 1903 1398 lib.
1920 1369 1970 1398 v.

317 1408 563 1476 Extravag.
596 1410 657 1458 de
679 1411 856 1461 Iudaeis.
886 1413 1024 1461 Liber
1041 1412 1301 1459 consulatus
1320 1413 1455 1458 maris
1471 1411 1619 1457 editus
1635 1411 1696 1457 est
1713 1412 1859 1478 lingua
1874 1414 1969 1460 Ita-

315 1471 403 1518 lica
418 1510 429 1527 ,
447 1473 492 1519 in
509 1489 646 1538 quem
662 1475 808 1522 relatae
826 1475 922 1522 sunt
938 1475 1278 1524 constitutiones
1296 1474 1627 1536 Imperatorum
1644 1475 1820 1522 Graeciae
1833 1514 1845 1532 ‚
1864 1476 1972 1523 Ale-

317 1536 500 1583 manniae
521 1575 534 1594 ‚
567 1553 726 1600 regum
742 1538 1016 1587 Francorum
1037 1576 1049 1594 ‚
1069 1537 1290 1600 Hispaniae
1305 1575 1316 1592 ,
1335 1536 1471 1599 Syriae
1489 1575 1499 1592 ‚
1522 1535 1682 1598 Cypri,
1702 1539 1969 1595 Balearium‚

313 1595 599 1647 Venetorum
618 1639 630 1657 ,
645 1600 948 1649 Genuenfium
967 1641 978 1659 ‚
999 1602 1124 1662 cujus
1134 1600 1235 1646 libri
1255 1599 1388 1646 titulo
1401 1615 1608 1645 chxxrv
1627 1600 1871 1646 traetantur
1885 1602 1972 1647 hu-

315 1661 384 1720 jus
392 1664 568 1725 generis
584 1664 924 1711 controversiae:
957 1680 1007 1711 ac
1028 1664 1084 1710 fic
1104 1662 1313 1709 definitur
1331 1700 1343 1718 ‚
1376 1662 1406 1709 fi
1424 1662 1470 1706 &
1491 1661 1615 1707 navis
1632 1661 1678 1706 &
1696 1677 1868 1709 merces
1885 1664 1972 1709 lm«

316 1723 448 1770 stium
461 1725 558 1780 fint,
575 1741 671 1772 rem
690 1725 774 1773 effe
786 1727 831 1772 in
851 1742 1028 1787 aperto,
1044 1727 1139 1773 ficri
1154 1741 1206 1771 ea
1223 1725 1508 1788 capientium:
1522 1724 1550 1770 fi
1564 1738 1674 1769 vero
1693 1727 1814 1772 navis
1826 1725 1875 1772 sit
1893 1742 1973 1788 pa-

315 1801 417 1831 cem
433 1789 695 1845 colentium,
711 1803 885 1835 merces
901 1805 1052 1835 antem
1071 1787 1278 1838 hostium,
1293 1789 1399 1852 cogi
1415 1784 1536 1848 poss'e
1552 1786 1608 1832 ab
1626 1787 1691 1833 his
1708 1790 1783 1849 qui
1802 1789 1973 1835 bellun]

313 1864 471 1919 gerant
486 1886 496 1901 ‚
525 1867 685 1898 navem
706 1889 717 1908 ,
747 1867 797 1898 ut
814 1867 989 1899 merces
1005 1868 1079 1898 eas
1095 1853 1139 1898 in
1158 1851 1352 1913 aliquem
1371 1865 1556 1914 portum
1575 1848 1754 1896 deferar
1773 1890 1783 1907 ,
1815 1853 1889 1913 qui
1918 1850 1971 1897 {it

313 1917 492 1959 iuarum
513 1915 705 1976 partium
725 1951 737 1966 ‚
774 1915 836 1961 ita
855 1928 1007 1962 tamen
1025 1930 1075 1961 ut
1100 1913 1286 1960 vedurae
1302 1913 1499 1975 pretium
1516 1928 1656 1958 nautae
1672 1913 1884 1959 solvatur.
1921 1912 1970 1959 Si

313 1988 475 2022 contra
491 1978 613 2023 navis
631 1976 798 2023 hostilis
813 1975 964 2035 fuerit,
981 1993 1155 2024 merces
1172 1991 1283 2022 vero
1299 1976 1508 2029 aliorum,
1525 1974 1583 2020 de
1602 1990 1714 2021 nave
1727 1975 1974 2039 transigen-

314 2037 444 2091 dum,
465 2052 541 2084 aut
558 2076 570 2092 ,
601 2037 630 2084 fi
649 2039 790 2085 nolint
809 2039 1016 2087 vectores
1037 2039 1298 2101 tranfigere,
1317 2036 1553 2102 cogendos
1569 2051 1616 2082 ut
1633 2053 1736 2084 cum
1756 2039 1855 2084 navi
1867 2051 1970 2084 eant

314 2100 359 2146 in
377 2114 563 2161 portum
579 2101 769 2162 aliquem
788 2104 984 2164 partium
1002 2103 1232 2165 capientis,
1249 2103 1295 2146 ὃ(
1313 2115 1362 2145 ut
1379 2100 1571 2162 capienti
1585 2097 1757 2146 solvant
1773 2102 1967 2163 pretinm

314 2160 443 2224 quod
460 2178 544 2223 pro
559 2164 681 2210 navis
705 2162 782 2209 usu
808 2163 1079 2212 debebatur.
1113 2162 1246 2225 Apud
1275 2161 1538 2208 Hollandos
1562 2178 1675 2207 anno
1706 2179 1730 2208 c
1747 2162 1802 2207 13
1834 2178 1859 2207 c
1872 2177 1931 2207 cc
1944 2177 1971 2208 c

314 2241 472 2271 XXXVI
484 2240 504 2271 1
517 2240 539 2271 1
563 2263 574 2280 ‚
594 2226 697 2271 cum
711 2225 880 2272 bellum
896 2227 997 2289 ipsis
1011 2227 1113 2273 effer
1126 2241 1229 2271 cum
1243 2224 1420 2270 Lubeca
1437 2223 1616 2284 aliisque
1633 2225 1889 2270 civitatibus
1906 2223 1966 2268 ad

314 2302 442 2332 mare
455 2287 678 2334 Balticum
695 2289 742 2333 Sc
759 2288 909 2334 Albim
930 2289 1033 2343 sitis,
1050 2289 1286 2349 frequente
1305 2286 1452 2332 senatu
1469 2286 1715 2346 judicatum
1734 2286 1808 2341 est,
1828 2287 1966 2330 etiam

314 2349 361 2395 in
374 2347 565 2395 hostium
582 2348 768 2397 navibus
783 2365 981 2420 repertas
997 2365 1169 2397 merces
1188 2387 1198 2403 ,
1220 2365 1328 2409 quas
1345 2349 1535 2394 aliorum
1556 2348 1641 2394 effe
1656 2348 1875 2393 constaret
1891 2384 1901 2401 ‚
1922 2347 1966 2391 in

348 2411 512 2457 raedam
530 2428 621 2458 non
639 2410 816 2468 cedere,
836 2412 973 2473 idque
988 2412 1049 2457 ibi
1068 2427 1151 2474 pro
1171 2412 1271 2473 lege
1291 2410 1501 2472 deinceps
1520 2409 1719 2455 habitum
1732 2409 1806 2454 est.
1823 2405 1896 2454 Sic
1914 2409 1965 2453 δε

313 2425 477 2521 ἵλιηὶκ
496 2488 574 2520 rex
588 2472 713 2520 senfit
731 2512 743 2530 ,
772 2491 874 2520 cum
887 2489 1002 2519 anno
1020 2474 1093 2520 clo
1109 2474 1272 2520 oncvr
1284 2488 1303 2516 1
1325 2510 1335 2528 ‚
1363 2472 1420 2517 ad
1439 2471 1698 2518 Hollandos
1715 2484 1966 2531 eorumque

317 2534 551 2582 federatos
565 2536 840 2598 legationem
859 2539 1062 2583 mitteret
1079 2574 1091 2591 ‚
1123 2551 1210 2598 qua
1237 2534 1490 2579 libertatem
1509 2532 1742 2597 navigandi
1773 2531 1964 2577 merces-

315 2613 406 2660 que
418 2597 594 2644 ferendi
611 2596 655 2645 in
672 2598 947 2660 Hispaniam,
965 2614 1069 2645 cum
1084 2614 1170 2658 qua
1188 2595 1404 2643 Hollandi
1421 2595 1587 2641 bellum
1607 2595 1820 2658 gerebant
1840 2609 1966 2639 acer-

318 2662 503 2717 rimum,
518 2659 602 2707 suis
621 2659 890 2709 vindicabat.
916 2661 1052 2723 Apud
1070 2659 1229 2706 Gallos
1247 2658 1737 2704 libertas'mercaturam
1751 2671 1966 2702 exercen-

318 2722 366 2770 di
382 2724 550 2786 pacatis
580 2722 756 2786 populis
778 2725 916 2770 etiam
933 2722 1052 2785 apud
1068 2737 1148 2769 eos
1175 2722 1250 2783 qui
1267 2720 1420 2767 Galliae
1454 2719 1601 2765 hostes
1630 2719 1762 2765 essent
1793 2718 1967 2781 semper

317 2783 522 2848 permissa
537 2821 548 2837 ,
567 2788 616 2832 δε
631 2786 813 2848 quidem
830 2785 949 2832 adeo
964 2783 1198 2833 indiscrete
1218 2821 1229 2839 ‚
1263 2797 1310 2830 ut
1328 2781 1475 2828 hostes
1490 2781 1595 2844 saepe
1624 2781 1701 2827 snb
1714 2780 1865 2826 alienis
1879 2796 1963 2826 no-

316 2847 509 2894 minibus
527 2863 600 2894 res
618 2848 712 2896 suas
729 2849 1022 2903 occultarent,
1043 2861 1090 2893 ut
1107 2860 1290 2908 apparet
1306 2860 1362 2891 ex
1380 2844 1540 2890 Edicto
1554 2845 1651 2889 anni
1670 2843 1742 2889 cb
1759 2842 1805 2887 b
1821 2858 1962 2897 xLur,

315 2909 463 2968 capite
478 2925 564 2954 xm
576 2925 620 2956 1.
656 2910 781 2972 quod
810 2911 1024 2957 tralatum
1047 2908 1109 2955 est
1131 2910 1172 2953 in
1194 2906 1403 2954 Edictum
1421 2907 1519 2953 anni
1549 2923 1571 2951 c
1586 2907 1636 2951 In
1669 2905 1726 2950 12
1744 2919 1927 2950 Lxxnv
1945 2940 1958 2957 ‚

315 2972 365 3022 δε
383 2969 622 3030 sequentia.
659 2972 717 3018 Iis
736 2972 892 3019 edictis
905 2971 1068 3018 diserte
1081 2985 1267 3017 cavetur
1285 3008 1297 3025 ,
1330 2985 1380 3016 ur
1398 2969 1631 3016 Gallorum
1662 2969 1813 3013 amicis
1829 2967 1963 3033 liceat

315 3031 421 3079 belli
437 3046 645 3092 tempore
661 3049 870 3081 exercere
882 3049 1181 3081 mercaturam
1200 3071 1212 3089 ,
1233 3031 1491 3079 dummodo
1511 3030 1590 3076 suis
1604 3030 1788 3076 navibus
1806 3066 1817 3084 ‚
1844 3025 1958 3073 suos-

315 3110 404 3158 que
419 3107 498 3154 per
513 3094 739 3147 homines,
755 3096 977 3158 navesque
992 3112 1042 3143 ac
1060 3110 1232 3142 merces
1250 3134 1261 3151 ,
1282 3110 1549 3156 quocunque
1570 3094 1707 3139 visum
1726 3090 1821 3154 ipfis
1838 3088 1958 3142 effer,

315 3155 575 3222 perducere,
594 3157 704 3204 dum
719 3174 774 3204 ne
790 3174 962 3205 merces
976 3174 1034 3206 eae
1051 3158 1132 3205 sint
1150 3157 1254 3204 belli
1270 3156 1558 3202 instrumenta
1577 3194 1588 3211 ,
1611 3153 1766 3215 quibus
1782 3167 1852 3198 res
1871 3152 1960 3195 ho-

315 3219 445 3266 stium
459 3217 620 3265 fovere
637 3220 798 3269 velint:
817 3221 944 3282 quod
961 3220 991 3266 fi
1010 3221 1100 3277 fiat,
1119 3220 1394 3283 permittitur
1409 3218 1550 3265 Gallis
1563 3218 1665 3263 talia
1683 3215 1783 3261 belli
1803 3211 1959 3258 instru-

308 3295 470 3330 menta
500 3279 581 3330 fibi
601 3281 773 3330 sumere
803 3282 1035 3343 persoluto
1061 3281 1370 3410 aequffilgegim
1402 3280 1495 3330 Hic
1511 3280 1607 3328 duo
1633 3274 1960 3403 notandssgss‘ss
