<?xml version="1.0" encoding="UTF-8"?>
<!DOCTYPE html PUBLIC "-//W3C//DTD XHTML 1.0 Transitional//EN"
    "http://www.w3.org/TR/xhtml1/DTD/xhtml1-transitional.dtd">
<html xmlns="http://www.w3.org/1999/xhtml" xml:lang="en" lang="en">
 <head>
  <title>
</title>
<meta http-equiv="Content-Type" content="text/html;charset=utf-8" />
  <meta name='ocr-system' content='tesseract 3.04.00' />
  <meta name='ocr-capabilities' content='ocr_page ocr_carea ocr_par ocr_line ocrx_word'/>
</head>
<body>
  <div class='ocr_page' id='page_1' title='image "./hugonisgrottiide010grotuoft_0710.png"; bbox 0 0 2380 3917; ppageno 0'>
   <div class='ocr_carea' id='block_1_1' title="bbox 1047 323 1468 371">
    <p class='ocr_par' dir='ltr' id='par_1_1' title="bbox 1047 323 1468 371">
     <span class='ocr_line' id='line_1_1' title="bbox 1047 323 1468 371; baseline 0.01 -5"><span class='ocrx_word' id='word_1_1' title='bbox 1047 323 1468 371; x_wconf 84' lang='lat' dir='ltr'><strong>INDEX.</strong></span> 
     </span>
    </p>
   </div>
   <div class='ocr_carea' id='block_1_2' title="bbox 413 395 1235 1333">
    <p class='ocr_par' dir='ltr' id='par_1_2' title="bbox 413 395 1235 1333">
     <span class='ocr_line' id='line_1_2' title="bbox 479 395 1233 453; baseline -0.009 -11"><span class='ocrx_word' id='word_1_2' title='bbox 479 399 725 453; x_wconf 55' lang='lat' dir='ltr'>adjunctum,</span> <span class='ocrx_word' id='word_1_3' title='bbox 743 395 840 451; x_wconf 84' lang='lat' dir='ltr'>quid</span> <span class='ocrx_word' id='word_1_4' title='bbox 855 402 1058 448; x_wconf 79' lang='lat' dir='ltr'><strong>operetur.</strong></span> <span class='ocrx_word' id='word_1_5' title='bbox 1153 406 1233 436; x_wconf 73' lang='lat'>226</span> 
     </span>
     <span class='ocr_line' id='line_1_3' title="bbox 428 449 1233 504; baseline -0.009 -8"><span class='ocrx_word' id='word_1_6' title='bbox 428 455 616 498; x_wconf 74' lang='lat' dir='ltr'>Promissa</span> <span class='ocrx_word' id='word_1_7' title='bbox 631 455 758 494; x_wconf 89' lang='lat' dir='ltr'>multa</span> <span class='ocrx_word' id='word_1_8' title='bbox 769 481 780 497; x_wconf 83' lang='lat'>,</span> <span class='ocrx_word' id='word_1_9' title='bbox 812 466 901 504; x_wconf 77' lang='lat' dir='ltr'>quae</span> <span class='ocrx_word' id='word_1_10' title='bbox 917 462 1059 492; x_wconf 85' lang='lat' dir='ltr'>natura</span> <span class='ocrx_word' id='word_1_11' title='bbox 1072 449 1203 492; x_wconf 87' lang='lat' dir='ltr'>valent</span> <span class='ocrx_word' id='word_1_12' title='bbox 1222 466 1233 494; x_wconf 74' lang='grc' dir='ltr'>ς</span> 
     </span>
     <span class='ocr_line' id='line_1_4' title="bbox 479 506 1230 557; baseline -0.008 -7"><span class='ocrx_word' id='word_1_13' title='bbox 479 512 539 550; x_wconf 84' lang='lat' dir='ltr'>lex</span> <span class='ocrx_word' id='word_1_14' title='bbox 559 508 692 550; x_wconf 83' lang='lat' dir='ltr'>civilis</span> <span class='ocrx_word' id='word_1_15' title='bbox 704 509 820 550; x_wconf 82' lang='lat' dir='ltr'>irrita</span> <span class='ocrx_word' id='word_1_16' title='bbox 837 506 944 547; x_wconf 88' lang='lat' dir='ltr'>facit.</span> <span class='ocrx_word' id='word_1_17' title='bbox 1154 518 1230 557; x_wconf 83' lang='lat'>223</span> 
     </span>
     <span class='ocr_line' id='line_1_5' title="bbox 423 561 1235 615; baseline -0.009 -9"><span class='ocrx_word' id='word_1_18' title='bbox 423 563 614 606; x_wconf 58' lang='lat' dir='ltr'>Promissa</span> <span class='ocrx_word' id='word_1_19' title='bbox 633 592 646 612; x_wconf 90' lang='lat'>,</span> <span class='ocrx_word' id='word_1_20' title='bbox 675 577 763 615; x_wconf 76' lang='lat' dir='ltr'>quae</span> <span class='ocrx_word' id='word_1_21' title='bbox 790 561 876 614; x_wconf 84' lang='lat' dir='ltr'>plus</span> <span class='ocrx_word' id='word_1_22' title='bbox 891 571 1036 602; x_wconf 88' lang='lat' dir='ltr'>nocent</span> <span class='ocrx_word' id='word_1_23' title='bbox 1059 571 1235 613; x_wconf 80' lang='lat' dir='ltr'>promit-</span> 
     </span>
     <span class='ocr_line' id='line_1_6' title="bbox 481 615 1231 671; baseline -0.008 -12"><span class='ocrx_word' id='word_1_24' title='bbox 481 620 579 659; x_wconf 86' lang='lat' dir='ltr'>tenti</span> <span class='ocrx_word' id='word_1_25' title='bbox 596 632 714 671; x_wconf 87' lang='lat' dir='ltr'>quam</span> <span class='ocrx_word' id='word_1_26' title='bbox 730 617 844 659; x_wconf 85' lang='lat' dir='ltr'>alteri</span> <span class='ocrx_word' id='word_1_27' title='bbox 860 615 1025 669; x_wconf 89' lang='lat' dir='ltr'>prosunt</span> <span class='ocrx_word' id='word_1_28' title='bbox 1043 649 1054 666; x_wconf 89' lang='lat'>,</span> <span class='ocrx_word' id='word_1_29' title='bbox 1070 629 1118 657; x_wconf 88' lang='lat' dir='ltr'>au</span> <span class='ocrx_word' id='word_1_30' title='bbox 1134 629 1231 667; x_wconf 75' lang='lat' dir='ltr'>piae-</span> 
     </span>
     <span class='ocr_line' id='line_1_7' title="bbox 479 673 1235 719; baseline -0.003 -5"><span class='ocrx_word' id='word_1_31' title='bbox 479 673 625 715; x_wconf 86' lang='lat' dir='ltr'>standa.</span> <span class='ocrx_word' id='word_1_32' title='bbox 1154 676 1235 719; x_wconf 86' lang='lat'>284</span> 
     </span>
     <span class='ocr_line' id='line_1_8' title="bbox 422 721 1232 777; baseline -0.007 -8"><span class='ocrx_word' id='word_1_33' title='bbox 422 728 615 770; x_wconf 70' lang='lat' dir='ltr'>Promiss‘a</span> <span class='ocrx_word' id='word_1_34' title='bbox 633 724 886 777; x_wconf 80' lang='lat' dir='ltr'>favorabilia,</span> <span class='ocrx_word' id='word_1_35' title='bbox 901 721 1042 766; x_wconf 80' lang='lat' dir='ltr'>odiosa</span> <span class='ocrx_word' id='word_1_36' title='bbox 1059 753 1071 774; x_wconf 85' lang='lat'><strong>,</strong></span> <span class='ocrx_word' id='word_1_37' title='bbox 1088 722 1232 773; x_wconf 83' lang='lat' dir='ltr'>mixta,</span> 
     </span>
     <span class='ocr_line' id='line_1_9' title="bbox 481 783 1233 830; baseline -0.001 -7"><span class='ocrx_word' id='word_1_38' title='bbox 481 785 543 823; x_wconf 85' lang='lat' dir='ltr'>vel</span> <span class='ocrx_word' id='word_1_39' title='bbox 560 783 706 824; x_wconf 84' lang='lat' dir='ltr'>media.</span> <span class='ocrx_word' id='word_1_40' title='bbox 1156 786 1233 830; x_wconf 83' lang='lat'>278</span> 
     </span>
     <span class='ocr_line' id='line_1_10' title="bbox 423 834 1082 892; baseline -0.002 -14"><span class='ocrx_word' id='word_1_41' title='bbox 423 837 615 879; x_wconf 71' lang='lat' dir='ltr'>Promissa</span> <span class='ocrx_word' id='word_1_42' title='bbox 634 839 811 892; x_wconf 80' lang='lat' dir='ltr'>Regum.</span> <span class='ocrx_word' id='word_1_43' title='bbox 825 835 917 877; x_wconf 79' lang='lat' dir='ltr'>vide</span> <span class='ocrx_word' id='word_1_44' title='bbox 929 834 1082 891; x_wconf 75' lang='lat' dir='ltr'>Reges.</span> 
     </span>
     <span class='ocr_line' id='line_1_11' title="bbox 421 891 1233 942; baseline -0.005 -8"><span class='ocrx_word' id='word_1_45' title='bbox 421 891 694 934; x_wconf 79' lang='lat' dir='ltr'>Promittendi</span> <span class='ocrx_word' id='word_1_46' title='bbox 712 892 860 933; x_wconf 84' lang='lat' dir='ltr'>modus</span> <span class='ocrx_word' id='word_1_47' title='bbox 875 894 980 942; x_wconf 82' lang='lat' dir='ltr'>quis.</span> <span class='ocrx_word' id='word_1_48' title='bbox 1154 902 1233 940; x_wconf 78' lang='lat'>224</span> 
     </span>
     <span class='ocr_line' id='line_1_12' title="bbox 420 947 1230 997; baseline -0.004 -10"><span class='ocrx_word' id='word_1_49' title='bbox 420 947 667 989; x_wconf 79' lang='lat' dir='ltr'>Promittens</span> <span class='ocrx_word' id='word_1_50' title='bbox 683 959 792 989; x_wconf 88' lang='lat' dir='ltr'>metu</span> <span class='ocrx_word' id='word_1_51' title='bbox 809 960 857 986; x_wconf 86' lang='lat' dir='ltr'>an</span> <span class='ocrx_word' id='word_1_52' title='bbox 869 955 1066 986; x_wconf 82' lang='lat' dir='ltr'>teneatur.</span> <span class='ocrx_word' id='word_1_53' title='bbox 1146 957 1172 986; x_wconf 88' lang='lat'>2</span> <span class='ocrx_word' id='word_1_54' title='bbox 1182 959 1230 997; x_wconf 86' lang='lat'>23</span> 
     </span>
     <span class='ocr_line' id='line_1_13' title="bbox 417 998 1232 1054; baseline -0.005 -11"><span class='ocrx_word' id='word_1_55' title='bbox 417 1001 713 1054; x_wconf 80' lang='lat' dir='ltr'>Prophetarum</span> <span class='ocrx_word' id='word_1_56' title='bbox 746 1001 855 1043; x_wconf 63' lang='lat' dir='ltr'>dieta</span> <span class='ocrx_word' id='word_1_57' title='bbox 882 1001 931 1042; x_wconf 89' lang='lat' dir='ltr'>de</span> <span class='ocrx_word' id='word_1_58' title='bbox 961 1014 1056 1053; x_wconf 92' lang='lat' dir='ltr'>pace</span> <span class='ocrx_word' id='word_1_59' title='bbox 1070 998 1140 1041; x_wconf 85' lang='lat' dir='ltr'>sub</span> <span class='ocrx_word' id='word_1_60' title='bbox 1156 1001 1232 1042; x_wconf 85' lang='lat' dir='ltr'>Eu-</span> 
     </span>
     <span class='ocr_line' id='line_1_14' title="bbox 472 1055 1232 1113; baseline -0.001 -14"><span class='ocrx_word' id='word_1_61' title='bbox 472 1059 633 1113; x_wconf 82' lang='lat' dir='ltr'>augelio</span> <span class='ocrx_word' id='word_1_62' title='bbox 647 1072 769 1111; x_wconf 81' lang='lat' dir='ltr'>quem</span> <span class='ocrx_word' id='word_1_63' title='bbox 786 1055 936 1097; x_wconf 85' lang='lat' dir='ltr'>sensum</span> <span class='ocrx_word' id='word_1_64' title='bbox 952 1055 1137 1098; x_wconf 82' lang='lat' dir='ltr'>habeant.</span> <span class='ocrx_word' id='word_1_65' title='bbox 1179 1066 1232 1098; x_wconf 83' lang='lat'>26</span> 
     </span>
     <span class='ocr_line' id='line_1_15' title="bbox 413 1111 1231 1166; baseline -0.001 -12"><span class='ocrx_word' id='word_1_66' title='bbox 413 1112 633 1166; x_wconf 87' lang='lat' dir='ltr'>Proportio</span> <span class='ocrx_word' id='word_1_67' title='bbox 648 1111 920 1153; x_wconf 78' lang='lat' dir='ltr'>Arithmetica</span> <span class='ocrx_word' id='word_1_68' title='bbox 932 1113 976 1152; x_wconf 85' lang='lat'>&amp;</span> <span class='ocrx_word' id='word_1_69' title='bbox 992 1111 1231 1154; x_wconf 87' lang='lat' dir='ltr'>Geometti-</span> 
     </span>
     <span class='ocr_line' id='line_1_16' title="bbox 468 1165 1230 1222; baseline 0 -14"><span class='ocrx_word' id='word_1_70' title='bbox 468 1182 514 1208; x_wconf 88' lang='lat' dir='ltr'>ca</span> <span class='ocrx_word' id='word_1_71' title='bbox 530 1183 578 1208; x_wconf 89' lang='lat' dir='ltr'>an</span> <span class='ocrx_word' id='word_1_72' title='bbox 596 1167 755 1222; x_wconf 81' lang='lat' dir='ltr'>proprie</span> <span class='ocrx_word' id='word_1_73' title='bbox 776 1166 1019 1222; x_wconf 87' lang='lat' dir='ltr'>distinguant</span> <span class='ocrx_word' id='word_1_74' title='bbox 1031 1165 1230 1220; x_wconf 77' lang='lat' dir='ltr'>justitiam</span> 
     </span>
     <span class='ocr_line' id='line_1_17' title="bbox 468 1222 1117 1276; baseline -0.005 -12"><span class='ocrx_word' id='word_1_75' title='bbox 468 1223 730 1276; x_wconf 84' lang='lat' dir='ltr'>expletricem</span> <span class='ocrx_word' id='word_1_76' title='bbox 745 1225 790 1264; x_wconf 92' lang='lat'>&amp;</span> <span class='ocrx_word' id='word_1_77' title='bbox 805 1222 1117 1264; x_wconf 81' lang='lat' dir='ltr'>attributi-icem.</span> 
     </span>
     <span class='ocr_line' id='line_1_18' title="bbox 414 1275 1228 1333; baseline -0.005 -12"><span class='ocrx_word' id='word_1_78' title='bbox 414 1278 614 1331; x_wconf 84' lang='lat' dir='ltr'>Propofiti</span> <span class='ocrx_word' id='word_1_79' title='bbox 629 1312 642 1330; x_wconf 92' lang='lat'>‚</span> <span class='ocrx_word' id='word_1_80' title='bbox 674 1278 872 1333; x_wconf 79' lang='lat' dir='ltr'>impetus,</span> <span class='ocrx_word' id='word_1_81' title='bbox 906 1278 952 1319; x_wconf 88' lang='lat'>&amp;</span> <span class='ocrx_word' id='word_1_82' title='bbox 966 1276 1078 1319; x_wconf 81' lang='lat' dir='ltr'>casus</span> <span class='ocrx_word' id='word_1_83' title='bbox 1089 1275 1228 1319; x_wconf 89' lang='lat' dir='ltr'>distin-</span> 
     </span>
    </p>
   </div>
   <div class='ocr_carea' id='block_1_3' title="bbox 411 1335 1232 1505">
    <p class='ocr_par' dir='ltr' id='par_1_3' title="bbox 411 1335 1232 1505">
     <span class='ocr_line' id='line_1_19' title="bbox 411 1335 1232 1444; baseline -0.001 -15"><span class='ocrx_word' id='word_1_84' title='bbox 411 1335 679 1442; x_wconf 43' lang='lat' dir='ltr'>Prc‘ikfffiiztatis</span> <span class='ocrx_word' id='word_1_85' title='bbox 691 1388 923 1431; x_wconf 84' lang='lat' dir='ltr'>exordium.</span> <span class='ocrx_word' id='word_1_86' title='bbox 971 1400 1013 1429; x_wconf 86' lang='lat'>11</span> <span class='ocrx_word' id='word_1_87' title='bbox 1022 1403 1061 1430; x_wconf 81' lang='lat'>2..</span> <span class='ocrx_word' id='word_1_88' title='bbox 1098 1346 1232 1444; x_wconf 38' lang='lat' dir='ltr'>&amp;fsi&#39;qz</span> 
     </span>
     <span class='ocr_line' id='line_1_20' title="bbox 411 1442 1225 1505; baseline 0.004 -18"><span class='ocrx_word' id='word_1_89' title='bbox 411 1453 451 1487; x_wconf 84' lang='lat' dir='ltr'>n</span> <span class='ocrx_word' id='word_1_90' title='bbox 457 1442 712 1505; x_wconf 57' lang='lat' dir='ltr'>&amp;rdyssoe7a2</span> <span class='ocrx_word' id='word_1_91' title='bbox 1146 1458 1167 1484; x_wconf 89' lang='lat'>2</span> <span class='ocrx_word' id='word_1_92' title='bbox 1176 1452 1200 1484; x_wconf 88' lang='lat'>6</span> <span class='ocrx_word' id='word_1_93' title='bbox 1208 1456 1225 1490; x_wconf 80' lang='lat'>5</span> 
     </span>
    </p>
   </div>
   <div class='ocr_carea' id='block_1_4' title="bbox 404 1498 1229 2930">
    <p class='ocr_par' dir='ltr' id='par_1_4' title="bbox 404 1498 1229 2930">
     <span class='ocr_line' id='line_1_21' title="bbox 412 1498 1227 1556; baseline -0.007 -13"><span class='ocrx_word' id='word_1_94' title='bbox 412 1500 594 1556; x_wconf 67' lang='lat'>1169&#39;911&amp;</span> <span class='ocrx_word' id='word_1_95' title='bbox 609 1513 732 1541; x_wconf 83' lang='lat' dir='ltr'>maris</span> <span class='ocrx_word' id='word_1_96' title='bbox 746 1511 924 1554; x_wconf 88' lang='lat' dir='ltr'>quorum</span> <span class='ocrx_word' id='word_1_97' title='bbox 940 1498 1024 1540; x_wconf 81' lang='lat' dir='ltr'>fint.</span> <span class='ocrx_word' id='word_1_98' title='bbox 1149 1509 1167 1537; x_wconf 89' lang='lat'>1</span> <span class='ocrx_word' id='word_1_99' title='bbox 1177 1512 1227 1545; x_wconf 81' lang='lat'>29</span> 
     </span>
     <span class='ocr_line' id='line_1_22' title="bbox 408 1553 1227 1609; baseline -0.006 -10"><span class='ocrx_word' id='word_1_100' title='bbox 408 1555 561 1599; x_wconf 84' lang='lat' dir='ltr'>Provili</span> <span class='ocrx_word' id='word_1_101' title='bbox 582 1557 625 1597; x_wconf 85' lang='lat'>&amp;</span> <span class='ocrx_word' id='word_1_102' title='bbox 641 1553 847 1609; x_wconf 70' lang='lat' dir='ltr'>improvisi</span> <span class='ocrx_word' id='word_1_103' title='bbox 861 1553 1078 1597; x_wconf 71' lang='lat' dir='ltr'>distinetio,</span> <span class='ocrx_word' id='word_1_104' title='bbox 1151 1567 1227 1604; x_wconf 80' lang='lat'>514</span> 
     </span>
     <span class='ocr_line' id='line_1_23' title="bbox 407 1607 1228 1655; baseline -0.007 0"><span class='ocrx_word' id='word_1_105' title='bbox 407 1610 658 1655; x_wconf 86' lang='lat' dir='ltr'>Provocatio</span> <span class='ocrx_word' id='word_1_106' title='bbox 685 1623 768 1651; x_wconf 90' lang='lat' dir='ltr'>non</span> <span class='ocrx_word' id='word_1_107' title='bbox 794 1609 910 1651; x_wconf 90' lang='lat' dir='ltr'>datur</span> <span class='ocrx_word' id='word_1_108' title='bbox 924 1611 975 1651; x_wconf 89' lang='lat' dir='ltr'>ab</span> <span class='ocrx_word' id='word_1_109' title='bbox 989 1607 1154 1652; x_wconf 78' lang='lat' dir='ltr'>arbitris</span> <span class='ocrx_word' id='word_1_110' title='bbox 1168 1609 1228 1649; x_wconf 89' lang='lat' dir='ltr'>le-</span> 
     </span>
     <span class='ocr_line' id='line_1_24' title="bbox 464 1665 1222 1718; baseline 0 -12"><span class='ocrx_word' id='word_1_111' title='bbox 464 1665 541 1707; x_wconf 67' lang='lat' dir='ltr'>&amp;is</span> <span class='ocrx_word' id='word_1_112' title='bbox 555 1666 660 1708; x_wconf 89' lang='lat' dir='ltr'>inter</span> <span class='ocrx_word' id='word_1_113' title='bbox 675 1666 849 1706; x_wconf 80' lang='lat' dir='ltr'>luminas</span> <span class='ocrx_word' id='word_1_114' title='bbox 862 1665 1089 1718; x_wconf 81' lang='lat' dir='ltr'>potestates.</span> <span class='ocrx_word' id='word_1_115' title='bbox 1148 1678 1164 1712; x_wconf 85' lang='lat'><em>5</em></span> <span class='ocrx_word' id='word_1_116' title='bbox 1175 1669 1222 1710; x_wconf 78' lang='lat'>85</span> 
     </span>
     <span class='ocr_line' id='line_1_25' title="bbox 411 1719 1227 1775; baseline -0.006 -10"><span class='ocrx_word' id='word_1_117' title='bbox 411 1720 631 1765; x_wconf 83' lang='lat' dir='ltr'>Proximus</span> <span class='ocrx_word' id='word_1_118' title='bbox 645 1720 736 1775; x_wconf 88' lang='lat' dir='ltr'>quis</span> <span class='ocrx_word' id='word_1_119' title='bbox 763 1719 804 1760; x_wconf 84' lang='lat' dir='ltr'>in</span> <span class='ocrx_word' id='word_1_120' title='bbox 833 1720 924 1775; x_wconf 86' lang='lat' dir='ltr'>lege</span> <span class='ocrx_word' id='word_1_121' title='bbox 952 1721 1146 1764; x_wconf 76' lang='lat' dir='ltr'>Hebraea:</span> <span class='ocrx_word' id='word_1_122' title='bbox 1178 1719 1227 1760; x_wconf 84' lang='lat'>&amp;</span> 
     </span>
     <span class='ocr_line' id='line_1_26' title="bbox 465 1775 1226 1832; baseline -0.001 -17"><span class='ocrx_word' id='word_1_123' title='bbox 465 1775 557 1829; x_wconf 87' lang='lat' dir='ltr'>quis</span> <span class='ocrx_word' id='word_1_124' title='bbox 573 1775 614 1817; x_wconf 89' lang='lat' dir='ltr'>iu</span> <span class='ocrx_word' id='word_1_125' title='bbox 630 1777 719 1832; x_wconf 88' lang='lat' dir='ltr'>lege</span> <span class='ocrx_word' id='word_1_126' title='bbox 735 1776 989 1830; x_wconf 76' lang='lat' dir='ltr'>Euangelica.</span> <span class='ocrx_word' id='word_1_127' title='bbox 1175 1785 1226 1821; x_wconf 68' lang='lat'>29</span> 
     </span>
     <span class='ocr_line' id='line_1_27' title="bbox 409 1827 1228 1883; baseline -0.005 -9"><span class='ocrx_word' id='word_1_128' title='bbox 409 1830 594 1874; x_wconf 80' lang='lat' dir='ltr'>Proximi</span> <span class='ocrx_word' id='word_1_129' title='bbox 610 1829 775 1872; x_wconf 87' lang='lat' dir='ltr'>nomine</span> <span class='ocrx_word' id='word_1_130' title='bbox 803 1831 914 1872; x_wconf 86' lang='lat' dir='ltr'>venit</span> <span class='ocrx_word' id='word_1_131' title='bbox 928 1830 1052 1872; x_wconf 82' lang='lat' dir='ltr'>etiam</span> <span class='ocrx_word' id='word_1_132' title='bbox 1070 1827 1143 1883; x_wconf 85' lang='lat' dir='ltr'>qui</span> <span class='ocrx_word' id='word_1_133' title='bbox 1157 1842 1228 1882; x_wconf 90' lang='lat' dir='ltr'>per</span> 
     </span>
     <span class='ocr_line' id='line_1_28' title="bbox 463 1883 1228 1940; baseline 0 -14"><span class='ocrx_word' id='word_1_134' title='bbox 463 1885 850 1940; x_wconf 70' lang='lat' dir='ltr'>repraesentationem</span> <span class='ocrx_word' id='word_1_135' title='bbox 878 1883 1143 1940; x_wconf 86' lang='lat' dir='ltr'>consequitur</span> <span class='ocrx_word' id='word_1_136' title='bbox 1161 1885 1228 1938; x_wconf 84' lang='lat' dir='ltr'>jus</span> 
     </span>
     <span class='ocr_line' id='line_1_29' title="bbox 464 1940 1227 1995; baseline 0.003 -16"><span class='ocrx_word' id='word_1_137' title='bbox 464 1942 613 1995; x_wconf 68' lang='lat' dir='ltr'>gradus</span> <span class='ocrx_word' id='word_1_138' title='bbox 628 1940 858 1991; x_wconf 83' lang='lat' dir='ltr'>superioris.</span> <span class='ocrx_word' id='word_1_139' title='bbox 1151 1944 1227 1990; x_wconf 82' lang='lat'>187</span> 
     </span>
     <span class='ocr_line' id='line_1_30' title="bbox 410 1991 1224 2053; baseline -0.004 -15"><span class='ocrx_word' id='word_1_140' title='bbox 410 1991 589 2053; x_wconf 49' lang='lat' dir='ltr'>§adding</span> <span class='ocrx_word' id='word_1_141' title='bbox 608 1996 649 2037; x_wconf 87' lang='lat' dir='ltr'>iu</span> <span class='ocrx_word' id='word_1_142' title='bbox 664 1995 785 2038; x_wconf 79' lang='lat' dir='ltr'>sacris</span> <span class='ocrx_word' id='word_1_143' title='bbox 797 1992 926 2038; x_wconf 85' lang='lat' dir='ltr'>literis</span> <span class='ocrx_word' id='word_1_144' title='bbox 944 1993 1060 2049; x_wconf 87' lang='lat' dir='ltr'>quid.</span> <span class='ocrx_word' id='word_1_145' title='bbox 1145 2006 1224 2047; x_wconf 82' lang='lat'>243</span> 
     </span>
     <span class='ocr_line' id='line_1_31' title="bbox 411 2048 1229 2106; baseline -0.006 -12"><span class='ocrx_word' id='word_1_146' title='bbox 411 2048 638 2106; x_wconf 60' lang='grc' dir='ltr'>Ῠώδὶρκὲιν.</span> <span class='ocrx_word' id='word_1_147' title='bbox 1150 2064 1229 2101; x_wconf 82' lang='lat'>247</span> 
     </span>
     <span class='ocr_line' id='line_1_32' title="bbox 404 2102 1223 2159; baseline -0.002 -9"><span class='ocrx_word' id='word_1_148' title='bbox 404 2109 575 2150; x_wconf 78' lang='lat' dir='ltr'>Publica</span> <span class='ocrx_word' id='word_1_149' title='bbox 604 2104 759 2147; x_wconf 81' lang='lat' dir='ltr'>utilitas</span> <span class='ocrx_word' id='word_1_150' title='bbox 785 2105 837 2147; x_wconf 77' lang='lat' dir='ltr'>ad</span> <span class='ocrx_word' id='word_1_151' title='bbox 878 2102 1088 2159; x_wconf 73' lang='lat' dir='ltr'>alienanda</span> <span class='ocrx_word' id='word_1_152' title='bbox 1103 2131 1115 2150; x_wconf 58' lang='grc' dir='ltr'><em>ι</em></span> <span class='ocrx_word' id='word_1_153' title='bbox 1139 2106 1223 2148; x_wconf 78' lang='lat' dir='ltr'>&amp;c.</span> 
     </span>
     <span class='ocr_line' id='line_1_33' title="bbox 458 2160 922 2213; baseline -0.009 -9"><span class='ocrx_word' id='word_1_154' title='bbox 458 2164 550 2204; x_wconf 85' lang='lat' dir='ltr'>vide</span> <span class='ocrx_word' id='word_1_155' title='bbox 563 2161 728 2204; x_wconf 79' lang='lat' dir='ltr'>Vtilitas</span> <span class='ocrx_word' id='word_1_156' title='bbox 746 2160 922 2213; x_wconf 80' lang='lat' dir='ltr'>publica.</span> 
     </span>
     <span class='ocr_line' id='line_1_34' title="bbox 407 2211 1225 2261; baseline -0.007 0"><span class='ocrx_word' id='word_1_157' title='bbox 407 2217 616 2261; x_wconf 74' lang='lat' dir='ltr'>Pudicitia:</span> <span class='ocrx_word' id='word_1_158' title='bbox 629 2214 905 2259; x_wconf 70' lang='lat' dir='ltr'>conservandae</span> <span class='ocrx_word' id='word_1_159' title='bbox 918 2212 1035 2256; x_wconf 81' lang='lat' dir='ltr'>causa</span> <span class='ocrx_word' id='word_1_160' title='bbox 1060 2211 1225 2256; x_wconf 80' lang='lat' dir='ltr'>iuterfe-</span> 
     </span>
     <span class='ocr_line' id='line_1_35' title="bbox 458 2271 1219 2329; baseline -0.005 -15"><span class='ocrx_word' id='word_1_161' title='bbox 458 2273 544 2314; x_wconf 68' lang='lat' dir='ltr'>‹stio</span> <span class='ocrx_word' id='word_1_162' title='bbox 556 2271 687 2313; x_wconf 84' lang='lat' dir='ltr'>licita.</span> <span class='ocrx_word' id='word_1_163' title='bbox 988 2321 997 2329; x_wconf 40' lang='lat'>⁸</span> <span class='ocrx_word' id='word_1_164' title='bbox 1145 2282 1219 2321; x_wconf 90' lang='lat'>103</span> 
     </span>
     <span class='ocr_line' id='line_1_36' title="bbox 406 2324 1219 2381; baseline -0.002 -12"><span class='ocrx_word' id='word_1_165' title='bbox 406 2329 541 2370; x_wconf 88' lang='lat' dir='ltr'>Pudor</span> <span class='ocrx_word' id='word_1_166' title='bbox 554 2326 671 2381; x_wconf 85' lang='lat' dir='ltr'>quid,</span> <span class='ocrx_word' id='word_1_167' title='bbox 688 2324 759 2367; x_wconf 87' lang='lat' dir='ltr'>ubi</span> <span class='ocrx_word' id='word_1_168' title='bbox 771 2324 918 2380; x_wconf 85' lang='lat' dir='ltr'>dejure</span> <span class='ocrx_word' id='word_1_169' title='bbox 931 2332 1085 2380; x_wconf 82' lang='lat' dir='ltr'>agitur.</span> <span class='ocrx_word' id='word_1_170' title='bbox 1144 2330 1219 2372; x_wconf 79' lang='lat'>508</span> 
     </span>
     <span class='ocr_line' id='line_1_37' title="bbox 405 2380 1224 2432; baseline -0.006 -8"><span class='ocrx_word' id='word_1_171' title='bbox 405 2384 541 2432; x_wconf 85' lang='lat' dir='ltr'>Pueri,</span> <span class='ocrx_word' id='word_1_172' title='bbox 559 2383 599 2424; x_wconf 90' lang='lat' dir='ltr'>id</span> <span class='ocrx_word' id='word_1_173' title='bbox 614 2381 682 2428; x_wconf 85' lang='lat' dir='ltr'>est,</span> <span class='ocrx_word' id='word_1_174' title='bbox 702 2380 817 2423; x_wconf 89' lang='lat' dir='ltr'>servi.</span> <span class='ocrx_word' id='word_1_175' title='bbox 1142 2388 1224 2430; x_wconf 76' lang='lat'>546</span> 
     </span>
     <span class='ocr_line' id='line_1_38' title="bbox 405 2433 1217 2492; baseline -0.006 -12"><span class='ocrx_word' id='word_1_176' title='bbox 405 2439 587 2492; x_wconf 81' lang='lat' dir='ltr'>Pugnare</span> <span class='ocrx_word' id='word_1_177' title='bbox 605 2437 646 2478; x_wconf 90' lang='lat' dir='ltr'>in</span> <span class='ocrx_word' id='word_1_178' title='bbox 663 2434 910 2491; x_wconf 84' lang='lat' dir='ltr'>bostem,qui</span> <span class='ocrx_word' id='word_1_179' title='bbox 925 2433 1043 2476; x_wconf 82' lang='lat' dir='ltr'>miles</span> <span class='ocrx_word' id='word_1_180' title='bbox 1058 2447 1141 2476; x_wconf 88' lang='lat' dir='ltr'>non</span> <span class='ocrx_word' id='word_1_181' title='bbox 1157 2435 1217 2486; x_wconf 80' lang='lat' dir='ltr'>fir,</span> 
     </span>
     <span class='ocr_line' id='line_1_39' title="bbox 458 2489 1225 2546; baseline -0.003 -13"><span class='ocrx_word' id='word_1_182' title='bbox 458 2507 542 2546; x_wconf 90' lang='lat' dir='ltr'>quo</span> <span class='ocrx_word' id='word_1_183' title='bbox 562 2493 649 2546; x_wconf 76' lang='lat' dir='ltr'>jure</span> <span class='ocrx_word' id='word_1_184' title='bbox 664 2503 839 2533; x_wconf 85' lang='lat' dir='ltr'>vetetur.</span> <span class='ocrx_word' id='word_1_185' title='bbox 974 2501 1066 2540; x_wconf 84' lang='lat'>564,</span> <span class='ocrx_word' id='word_1_186' title='bbox 1086 2489 1225 2546; x_wconf 45' lang='lat' dir='ltr'>&amp;seq-</span> 
     </span>
     <span class='ocr_line' id='line_1_40' title="bbox 404 2545 1223 2590; baseline -0.004 0"><span class='ocrx_word' id='word_1_187' title='bbox 404 2547 548 2590; x_wconf 88' lang='lat' dir='ltr'>Pnnici</span> <span class='ocrx_word' id='word_1_188' title='bbox 592 2546 687 2589; x_wconf 89' lang='lat' dir='ltr'>belli</span> <span class='ocrx_word' id='word_1_189' title='bbox 727 2545 889 2588; x_wconf 87' lang='lat' dir='ltr'>secundi</span> <span class='ocrx_word' id='word_1_190' title='bbox 927 2545 1223 2588; x_wconf 62' lang='lat' dir='ltr'>controversia.</span> 
     </span>
     <span class='ocr_line' id='line_1_41' title="bbox 1140 2614 1217 2647; baseline 0 -6"><span class='ocrx_word' id='word_1_191' title='bbox 1140 2614 1217 2647; x_wconf 79' lang='lat'>292.</span> 
     </span>
     <span class='ocr_line' id='line_1_42' title="bbox 414 2653 1223 2716; baseline -0.001 -18"><span class='ocrx_word' id='word_1_192' title='bbox 414 2656 616 2716; x_wconf 76' lang='lat' dir='ltr'>Punirian</span> <span class='ocrx_word' id='word_1_193' title='bbox 645 2653 786 2710; x_wconf 86' lang='lat' dir='ltr'>poffiut</span> <span class='ocrx_word' id='word_1_194' title='bbox 800 2655 869 2711; x_wconf 89' lang='lat' dir='ltr'>qui</span> <span class='ocrx_word' id='word_1_195' title='bbox 898 2654 941 2698; x_wconf 88' lang='lat' dir='ltr'>in</span> <span class='ocrx_word' id='word_1_196' title='bbox 964 2653 1082 2697; x_wconf 83' lang='lat' dir='ltr'>falsos</span> <span class='ocrx_word' id='word_1_197' title='bbox 1109 2655 1223 2697; x_wconf 79' lang='lat' dir='ltr'>Deos</span> 
     </span>
     <span class='ocr_line' id='line_1_43' title="bbox 472 2723 1223 2767; baseline 0 -17"><span class='ocrx_word' id='word_1_198' title='bbox 472 2725 596 2764; x_wconf 85' lang='lat' dir='ltr'>impie</span> <span class='ocrx_word' id='word_1_199' title='bbox 609 2723 750 2767; x_wconf 85' lang='lat' dir='ltr'>agunt.</span> <span class='ocrx_word' id='word_1_200' title='bbox 1146 2724 1223 2763; x_wconf 86' lang='lat'>347</span> 
     </span>
     <span class='ocr_line' id='line_1_44' title="bbox 419 2766 1222 2818; baseline -0.001 -11"><span class='ocrx_word' id='word_1_201' title='bbox 419 2766 586 2807; x_wconf 85' lang='lat' dir='ltr'>I&#39;unitio</span> <span class='ocrx_word' id='word_1_202' title='bbox 598 2766 848 2818; x_wconf 84' lang='lat' dir='ltr'>exemplaris.</span> <span class='ocrx_word' id='word_1_203' title='bbox 1142 2780 1222 2818; x_wconf 75' lang='lat'>32²¹</span> 
     </span>
     <span class='ocr_line' id='line_1_45' title="bbox 419 2820 1222 2873; baseline -0.005 -9"><span class='ocrx_word' id='word_1_204' title='bbox 419 2821 602 2873; x_wconf 81' lang='lat' dir='ltr'>Pupillus</span> <span class='ocrx_word' id='word_1_205' title='bbox 631 2835 677 2861; x_wconf 82' lang='lat' dir='ltr'>ex</span> <span class='ocrx_word' id='word_1_206' title='bbox 708 2821 974 2863; x_wconf 87' lang='lat' dir='ltr'>commodato</span> <span class='ocrx_word' id='word_1_207' title='bbox 998 2832 1157 2864; x_wconf 84' lang='lat' dir='ltr'>tenetur</span> <span class='ocrx_word' id='word_1_208' title='bbox 1180 2820 1222 2861; x_wconf 89' lang='lat' dir='ltr'>in</span> 
     </span>
     <span class='ocr_line' id='line_1_46' title="bbox 474 2875 1219 2930; baseline -0.001 -13"><span class='ocrx_word' id='word_1_209' title='bbox 474 2888 670 2930; x_wconf 85' lang='lat' dir='ltr'>quantum</span> <span class='ocrx_word' id='word_1_210' title='bbox 683 2875 946 2930; x_wconf 86' lang='lat' dir='ltr'>locupletior.</span> <span class='ocrx_word' id='word_1_211' title='bbox 1146 2891 1167 2917; x_wconf 86' lang='lat'><em>2</em></span> <span class='ocrx_word' id='word_1_212' title='bbox 1176 2889 1219 2924; x_wconf 84' lang='lat'>15</span> 
     </span>
    </p>
   </div>
   <div class='ocr_carea' id='block_1_5' title="bbox 426 3092 1228 3259">
    <p class='ocr_par' dir='ltr' id='par_1_5' title="bbox 426 3092 1228 3259">
     <span class='ocr_line' id='line_1_47' title="bbox 539 3092 1228 3153; baseline 0.004 -20"><span class='ocrx_word' id='word_1_213' title='bbox 539 3092 666 3153; x_wconf 76' lang='lat' dir='ltr'>Vintii</span> <span class='ocrx_word' id='word_1_214' title='bbox 692 3094 879 3138; x_wconf 82' lang='lat' dir='ltr'>Consulis</span> <span class='ocrx_word' id='word_1_215' title='bbox 901 3095 1052 3142; x_wconf 83' lang='lat' dir='ltr'>salubre</span> <span class='ocrx_word' id='word_1_216' title='bbox 1065 3096 1228 3143; x_wconf 83' lang='lat' dir='ltr'>menda-</span> 
     </span>
     <span class='ocr_line' id='line_1_48' title="bbox 592 3163 1227 3203; baseline 0 -15"><span class='ocrx_word' id='word_1_217' title='bbox 592 3163 713 3188; x_wconf 80' lang='lat' dir='ltr'>clum.</span> <span class='ocrx_word' id='word_1_218' title='bbox 1146 3165 1196 3203; x_wconf 83' lang='lat'>43</span> <span class='ocrx_word' id='word_1_219' title='bbox 1206 3165 1227 3202; x_wconf 84' lang='lat'>3</span> 
     </span>
     <span class='ocr_line' id='line_1_49' title="bbox 426 3200 1227 3259; baseline 0.002 -13"><span class='ocrx_word' id='word_1_220' title='bbox 426 3200 633 3259; x_wconf 80' lang='lat' dir='ltr'>Qiritari</span> <span class='ocrx_word' id='word_1_221' title='bbox 649 3204 752 3255; x_wconf 77' lang='lat' dir='ltr'>uude</span> <span class='ocrx_word' id='word_1_222' title='bbox 767 3203 935 3252; x_wconf 65' lang='lat' dir='ltr'>dietum.</span> <span class='ocrx_word' id='word_1_223' title='bbox 1176 3211 1227 3257; x_wconf 88' lang='lat'>98</span> 
     </span>
    </p>
   </div>
   <div class='ocr_carea' id='block_1_6' title="bbox 1247 919 1260 3213">
    <p class='ocr_par' dir='ltr' id='par_1_6' title="bbox 1247 919 1260 3213">
     <span class='ocr_line' id='line_1_50' title="bbox 1247 919 1260 3213; textangle 90"><span class='ocrx_word' id='word_1_224' title='bbox 1247 919 1260 3213; x_wconf 48' lang='lat' dir='ltr'>mm,</span> 
     </span>
    </p>
   </div>
   <div class='ocr_carea' id='block_1_7' title="bbox 1284 399 2095 890">
    <p class='ocr_par' dir='ltr' id='par_1_7' title="bbox 1284 399 2095 890">
     <span class='ocr_line' id='line_1_51' title="bbox 1653 399 1714 442; baseline 0 0"><span class='ocrx_word' id='word_1_225' title='bbox 1653 399 1714 442; x_wconf 84' lang='lat' dir='ltr'>R.</span> 
     </span>
     <span class='ocr_line' id='line_1_52' title="bbox 1385 505 2094 556; baseline 0.013 -8"><span class='ocrx_word' id='word_1_226' title='bbox 1385 505 1516 548; x_wconf 80' lang='lat' dir='ltr'>Abirii</span> <span class='ocrx_word' id='word_1_227' title='bbox 1527 507 1696 550; x_wconf 71' lang='lat' dir='ltr'>factum.</span> <span class='ocrx_word' id='word_1_228' title='bbox 2015 526 2094 556; x_wconf 71' lang='grc' dir='ltr'>σοι,</span> 
     </span>
     <span class='ocr_line' id='line_1_53' title="bbox 1384 562 2093 613; baseline 0.008 -10"><span class='ocrx_word' id='word_1_229' title='bbox 1384 562 1505 606; x_wconf 79' lang='lat' dir='ltr'>Rami</span> <span class='ocrx_word' id='word_1_230' title='bbox 1518 563 1736 608; x_wconf 85' lang='lat' dir='ltr'>olivarum.</span> <span class='ocrx_word' id='word_1_231' title='bbox 2014 580 2093 613; x_wconf 86' lang='lat'>607</span> 
     </span>
     <span class='ocr_line' id='line_1_54' title="bbox 1287 618 2094 678; baseline 0.004 -17"><span class='ocrx_word' id='word_1_232' title='bbox 1287 619 1438 661; x_wconf 80' lang='lat' dir='ltr'>Raram</span> <span class='ocrx_word' id='word_1_233' title='bbox 1454 631 1538 661; x_wconf 89' lang='lat' dir='ltr'>rem</span> <span class='ocrx_word' id='word_1_234' title='bbox 1553 618 1691 662; x_wconf 90' lang='lat' dir='ltr'>haberi</span> <span class='ocrx_word' id='word_1_235' title='bbox 1709 651 1723 672; x_wconf 89' lang='lat'>‚</span> <span class='ocrx_word' id='word_1_236' title='bbox 1735 619 1943 678; x_wconf 85' lang='lat' dir='ltr'>obligatio</span> <span class='ocrx_word' id='word_1_237' title='bbox 1955 624 2094 678; x_wconf 83' lang='lat' dir='ltr'>qualis.</span> 
     </span>
     <span class='ocr_line' id='line_1_55' title="bbox 1284 690 2095 787; baseline 0.006 -18"><span class='ocrx_word' id='word_1_238' title='bbox 1284 724 1599 769; x_wconf 83' lang='lat' dir='ltr'>Ratihabitione</span> <span class='ocrx_word' id='word_1_239' title='bbox 1631 728 1789 772; x_wconf 86' lang='lat' dir='ltr'>summa</span> <span class='ocrx_word' id='word_1_240' title='bbox 1806 729 1977 785; x_wconf 83' lang='lat' dir='ltr'>potestas</span> <span class='ocrx_word' id='word_1_241' title='bbox 1989 690 2095 787; x_wconf 49' lang='lat' dir='ltr'>qiigf</span> 
     </span>
     <span class='ocr_line' id='line_1_56' title="bbox 1341 784 2095 839; baseline 0.011 -17"><span class='ocrx_word' id='word_1_242' title='bbox 1341 785 1469 824; x_wconf 90' lang='lat' dir='ltr'>modo</span> <span class='ocrx_word' id='word_1_243' title='bbox 1482 784 1702 839; x_wconf 85' lang='lat' dir='ltr'>obligetur.</span> <span class='ocrx_word' id='word_1_244' title='bbox 2012 797 2095 830; x_wconf 84' lang='lat'>600</span> 
     </span>
     <span class='ocr_line' id='line_1_57' title="bbox 1288 835 2090 890; baseline 0.007 -12"><span class='ocrx_word' id='word_1_245' title='bbox 1288 835 1419 878; x_wconf 84' lang='lat' dir='ltr'>Ratio</span> <span class='ocrx_word' id='word_1_246' title='bbox 1430 838 1531 890; x_wconf 85' lang='lat' dir='ltr'>juris</span> <span class='ocrx_word' id='word_1_247' title='bbox 1546 838 1873 883; x_wconf 88' lang='lat' dir='ltr'>fundamentum.-</span> <span class='ocrx_word' id='word_1_248' title='bbox 2070 855 2090 890; x_wconf 83' lang='grc' dir='ltr'><strong>ς</strong></span> 
     </span>
    </p>
   </div>
   <div class='ocr_carea' id='block_1_8' title="bbox 1285 892 2096 1224">
    <p class='ocr_par' dir='ltr' id='par_1_8' title="bbox 1285 892 2096 1224">
     <span class='ocr_line' id='line_1_58' title="bbox 1289 892 2093 947; baseline 0.01 -16"><span class='ocrx_word' id='word_1_249' title='bbox 1289 892 1415 933; x_wconf 79' lang='lat' dir='ltr'>Ratio</span> <span class='ocrx_word' id='word_1_250' title='bbox 1428 894 1634 947; x_wconf 84' lang='lat' dir='ltr'>adaequata</span> <span class='ocrx_word' id='word_1_251' title='bbox 1647 908 1748 946; x_wconf 80' lang='lat' dir='ltr'>quae.</span> <span class='ocrx_word' id='word_1_252' title='bbox 2013 903 2093 939; x_wconf 68' lang='lat'>2820·</span> 
     </span>
     <span class='ocr_line' id='line_1_59' title="bbox 1285 946 2096 1002; baseline 0.004 -12"><span class='ocrx_word' id='word_1_253' title='bbox 1285 946 1415 990; x_wconf 86' lang='lat' dir='ltr'>Ratio</span> <span class='ocrx_word' id='word_1_254' title='bbox 1441 947 1538 1002; x_wconf 83' lang='lat' dir='ltr'>saepe</span> <span class='ocrx_word' id='word_1_255' title='bbox 1566 950 1847 996; x_wconf 71' lang='lat' dir='ltr'>consideranda</span> <span class='ocrx_word' id='word_1_256' title='bbox 1873 949 2096 993; x_wconf 85' lang='lat' dir='ltr'>secundum</span> 
     </span>
     <span class='ocr_line' id='line_1_60' title="bbox 1343 1003 2096 1063; baseline 0.007 -20"><span class='ocrx_word' id='word_1_257' title='bbox 1343 1005 1564 1063; x_wconf 76' lang='lat' dir='ltr'>potentiam</span> <span class='ocrx_word' id='word_1_258' title='bbox 1578 1034 1589 1050; x_wconf 91' lang='lat'><em>‚</em></span> <span class='ocrx_word' id='word_1_259' title='bbox 1605 1019 1686 1048; x_wconf 84' lang='lat' dir='ltr'>uon</span> <span class='ocrx_word' id='word_1_260' title='bbox 1698 1003 1911 1048; x_wconf 86' lang='lat' dir='ltr'>secundum</span> <span class='ocrx_word' id='word_1_261' title='bbox 1926 1006 2096 1048; x_wconf 83' lang='lat' dir='ltr'>existen-</span> 
     </span>
     <span class='ocr_line' id='line_1_61' title="bbox 1338 1068 2092 1115; baseline 0.008 -17"><span class='ocrx_word' id='word_1_262' title='bbox 1338 1069 1451 1099; x_wconf 84' lang='lat' dir='ltr'>tiam.</span> <span class='ocrx_word' id='word_1_263' title='bbox 2011 1068 2092 1115; x_wconf 87' lang='lat'>283</span> 
     </span>
     <span class='ocr_line' id='line_1_62' title="bbox 1285 1111 2096 1172; baseline 0.002 -16"><span class='ocrx_word' id='word_1_264' title='bbox 1285 1112 1414 1156; x_wconf 87' lang='lat' dir='ltr'>Ratio</span> <span class='ocrx_word' id='word_1_265' title='bbox 1441 1113 1546 1172; x_wconf 81' lang='lat' dir='ltr'>legis</span> <span class='ocrx_word' id='word_1_266' title='bbox 1570 1128 1654 1158; x_wconf 87' lang='lat' dir='ltr'>uon</span> <span class='ocrx_word' id='word_1_267' title='bbox 1695 1113 1811 1170; x_wconf 85' lang='lat' dir='ltr'>plane</span> <span class='ocrx_word' id='word_1_268' title='bbox 1848 1111 1959 1158; x_wconf 80' lang='lat' dir='ltr'>idem</span> <span class='ocrx_word' id='word_1_269' title='bbox 1996 1129 2096 1158; x_wconf 85' lang='lat' dir='ltr'>cum</span> 
     </span>
     <span class='ocr_line' id='line_1_63' title="bbox 1338 1179 2095 1224; baseline 0.004 -14"><span class='ocrx_word' id='word_1_270' title='bbox 1338 1179 1484 1211; x_wconf 85' lang='lat' dir='ltr'>mente.</span> <span class='ocrx_word' id='word_1_271' title='bbox 2013 1185 2095 1224; x_wconf 90' lang='lat'>277</span> 
     </span>
    </p>
   </div>
   <div class='ocr_carea' id='block_1_9' title="bbox 1202 1222 2091 1281">
    <p class='ocr_par' dir='ltr' id='par_1_9' title="bbox 1202 1222 2091 1281">
     <span class='ocr_line' id='line_1_64' title="bbox 1202 1222 2091 1281; baseline 0.001 -15"><span class='ocrx_word' id='word_1_272' title='bbox 1202 1235 1226 1274; x_wconf 83' lang='lat'>3</span> <span class='ocrx_word' id='word_1_273' title='bbox 1283 1222 1413 1266; x_wconf 86' lang='lat' dir='ltr'>Ratio</span> <span class='ocrx_word' id='word_1_274' title='bbox 1439 1225 1642 1279; x_wconf 80' lang='lat' dir='ltr'>adaequata</span> <span class='ocrx_word' id='word_1_275' title='bbox 1668 1237 1757 1280; x_wconf 84' lang='lat' dir='ltr'>qnae</span> <span class='ocrx_word' id='word_1_276' title='bbox 1773 1258 1787 1279; x_wconf 86' lang='lat'><em>,</em></span> <span class='ocrx_word' id='word_1_277' title='bbox 1814 1224 1972 1281; x_wconf 84' lang='lat' dir='ltr'>&amp;quid</span> <span class='ocrx_word' id='word_1_278' title='bbox 1994 1239 2091 1277; x_wconf 81' lang='lat' dir='ltr'>ope-</span> 
     </span>
    </p>
   </div>
   <div class='ocr_carea' id='block_1_10' title="bbox 1276 1280 2098 3428">
    <p class='ocr_par' dir='ltr' id='par_1_10' title="bbox 1276 1280 2098 3428">
     <span class='ocr_line' id='line_1_65' title="bbox 1338 1280 2092 1326; baseline 0.009 -7"><span class='ocrx_word' id='word_1_279' title='bbox 1338 1290 1462 1320; x_wconf 72' lang='lat' dir='ltr'>retur.</span> <span class='ocrx_word' id='word_1_280' title='bbox 1999 1280 2092 1326; x_wconf 76' lang='lat' dir='ltr'>ibid.</span> 
     </span>
     <span class='ocr_line' id='line_1_66' title="bbox 1285 1333 2095 1390; baseline 0.002 -14"><span class='ocrx_word' id='word_1_281' title='bbox 1285 1333 1482 1376; x_wconf 68' lang='lat' dir='ltr'>Rationis</span> <span class='ocrx_word' id='word_1_282' title='bbox 1512 1333 1704 1377; x_wconf 82' lang='lat' dir='ltr'>identitas</span> <span class='ocrx_word' id='word_1_283' title='bbox 1730 1335 1893 1390; x_wconf 83' lang='lat' dir='ltr'>qnando</span> <span class='ocrx_word' id='word_1_284' title='bbox 1932 1335 2095 1379; x_wconf 85' lang='lat' dir='ltr'>inducat</span> 
     </span>
     <span class='ocr_line' id='line_1_67' title="bbox 1336 1389 2094 1449; baseline 0.005 -19"><span class='ocrx_word' id='word_1_285' title='bbox 1336 1389 1578 1449; x_wconf 63' lang='lat' dir='ltr'>eitteufivam</span> <span class='ocrx_word' id='word_1_286' title='bbox 1591 1389 1983 1446; x_wconf 73' lang='lat' dir='ltr'>interpretationem.</span> <span class='ocrx_word' id='word_1_287' title='bbox 2013 1397 2094 1434; x_wconf 76' lang='lat'>282.</span> 
     </span>
     <span class='ocr_line' id='line_1_68' title="bbox 1283 1443 2094 1500; baseline 0.004 -14"><span class='ocrx_word' id='word_1_288' title='bbox 1283 1443 1408 1486; x_wconf 81' lang='lat' dir='ltr'>Razis</span> <span class='ocrx_word' id='word_1_289' title='bbox 1422 1458 1545 1486; x_wconf 78' lang='lat' dir='ltr'>mors.</span> <span class='ocrx_word' id='word_1_290' title='bbox 2015 1461 2094 1500; x_wconf 86' lang='lat'>309</span> 
     </span>
     <span class='ocr_line' id='line_1_69' title="bbox 1282 1499 2098 1556; baseline 0.005 -15"><span class='ocrx_word' id='word_1_291' title='bbox 1282 1499 1502 1554; x_wconf 87' lang='lat' dir='ltr'>Redempti</span> <span class='ocrx_word' id='word_1_292' title='bbox 1519 1514 1567 1541; x_wconf 86' lang='lat' dir='ltr'>ex</span> <span class='ocrx_word' id='word_1_293' title='bbox 1596 1500 1833 1555; x_wconf 72' lang='lat' dir='ltr'>captivitate</span> <span class='ocrx_word' id='word_1_294' title='bbox 1845 1500 2098 1556; x_wconf 85' lang='lat' dir='ltr'>redemptori</span> 
     </span>
     <span class='ocr_line' id='line_1_70' title="bbox 1282 1556 2097 1668; baseline 0.004 -16"><span class='ocrx_word' id='word_1_295' title='bbox 1282 1556 1549 1653; x_wconf 53' lang='lat' dir='ltr'>Retiiiiiigoaddo</span> <span class='ocrx_word' id='word_1_296' title='bbox 1563 1568 1849 1668; x_wconf 35' lang='lat' dir='ltr'>{wanzuh</span> <span class='ocrx_word' id='word_1_297' title='bbox 1887 1567 2097 1655; x_wconf 43' lang='lat' dir='ltr'>diceuiiiiszi</span> 
     </span>
     <span class='ocr_line' id='line_1_71' title="bbox 2013 1674 2097 1709; baseline -0.012 0"><span class='ocrx_word' id='word_1_298' title='bbox 2013 1674 2097 1709; x_wconf 86' lang='lat'>606</span> 
     </span>
     <span class='ocr_line' id='line_1_72' title="bbox 1281 1716 2096 1780; baseline 0.005 -19"><span class='ocrx_word' id='word_1_299' title='bbox 1281 1716 1488 1779; x_wconf 79' lang='lat' dir='ltr'>Regimen</span> <span class='ocrx_word' id='word_1_300' title='bbox 1516 1733 1600 1764; x_wconf 88' lang='lat' dir='ltr'>non</span> <span class='ocrx_word' id='word_1_301' title='bbox 1625 1734 1749 1764; x_wconf 84' lang='lat' dir='ltr'>omne</span> <span class='ocrx_word' id='word_1_302' title='bbox 1778 1721 1865 1778; x_wconf 79' lang='lat' dir='ltr'>ejus</span> <span class='ocrx_word' id='word_1_303' title='bbox 1891 1719 2007 1765; x_wconf 84' lang='lat' dir='ltr'>causa</span> <span class='ocrx_word' id='word_1_304' title='bbox 2021 1722 2096 1780; x_wconf 86' lang='lat' dir='ltr'>qui</span> 
     </span>
     <span class='ocr_line' id='line_1_73' title="bbox 1334 1784 2093 1830; baseline 0.011 -17"><span class='ocrx_word' id='word_1_305' title='bbox 1334 1784 1505 1830; x_wconf 83' lang='lat' dir='ltr'>regitur.</span> <span class='ocrx_word' id='word_1_306' title='bbox 2039 1793 2055 1828; x_wconf 78' lang='grc' dir='ltr'><strong>ς</strong></span> <span class='ocrx_word' id='word_1_307' title='bbox 2067 1786 2093 1821; x_wconf 83' lang='grc'><strong><em>6</em></strong></span> 
     </span>
     <span class='ocr_line' id='line_1_74' title="bbox 1279 1828 1858 1885; baseline 0.005 -14"><span class='ocrx_word' id='word_1_308' title='bbox 1279 1828 1490 1885; x_wconf 85' lang='lat' dir='ltr'>Regnum.</span> <span class='ocrx_word' id='word_1_309' title='bbox 1507 1831 1601 1873; x_wconf 80' lang='lat' dir='ltr'>vide</span> <span class='ocrx_word' id='word_1_310' title='bbox 1614 1829 1858 1884; x_wconf 87' lang='lat' dir='ltr'>Imperium.</span> 
     </span>
     <span class='ocr_line' id='line_1_75' title="bbox 1281 1882 2096 1941; baseline 0.004 -15"><span class='ocrx_word' id='word_1_311' title='bbox 1281 1882 1474 1940; x_wconf 87' lang='lat' dir='ltr'>Regnum</span> <span class='ocrx_word' id='word_1_312' title='bbox 1487 1887 1703 1939; x_wconf 87' lang='lat' dir='ltr'>quomodo</span> <span class='ocrx_word' id='word_1_313' title='bbox 1716 1885 1997 1939; x_wconf 79' lang='lat' dir='ltr'>dividatur,·&amp;</span> <span class='ocrx_word' id='word_1_314' title='bbox 2010 1899 2096 1941; x_wconf 88' lang='lat' dir='ltr'>quo</span> 
     </span>
     <span class='ocr_line' id='line_1_76' title="bbox 1335 1938 2094 1989; baseline 0.005 -9"><span class='ocrx_word' id='word_1_315' title='bbox 1335 1938 1496 1982; x_wconf 62' lang='lat' dir='ltr'>effectu.-</span> <span class='ocrx_word' id='word_1_316' title='bbox 1851 1985 1856 1989; x_wconf 68' lang='grc'><strong>,</strong></span> <span class='ocrx_word' id='word_1_317' title='bbox 2014 1948 2094 1985; x_wconf 78' lang='lat'>208</span> 
     </span>
     <span class='ocr_line' id='line_1_77' title="bbox 1280 1991 2098 2049; baseline 0.004 -14"><span class='ocrx_word' id='word_1_318' title='bbox 1280 1991 1473 2049; x_wconf 84' lang='lat' dir='ltr'>Regnum</span> <span class='ocrx_word' id='word_1_319' title='bbox 1489 1993 1774 2049; x_wconf 84' lang='lat' dir='ltr'>patrimoniale</span> <span class='ocrx_word' id='word_1_320' title='bbox 1792 2027 1803 2045; x_wconf 76' lang='lat'>,</span> <span class='ocrx_word' id='word_1_321' title='bbox 1832 1996 1861 2038; x_wconf 79' lang='lat' dir='ltr'>fi</span> <span class='ocrx_word' id='word_1_322' title='bbox 1891 1996 1934 2038; x_wconf 85' lang='lat' dir='ltr'>fit</span> <span class='ocrx_word' id='word_1_323' title='bbox 1948 1995 2098 2039; x_wconf 87' lang='lat' dir='ltr'>indivi-</span> 
     </span>
     <span class='ocr_line' id='line_1_78' title="bbox 1337 2050 2094 2099; baseline 0.007 -9"><span class='ocrx_word' id='word_1_324' title='bbox 1337 2050 1480 2099; x_wconf 86' lang='lat' dir='ltr'>duum,</span> <span class='ocrx_word' id='word_1_325' title='bbox 1497 2052 1666 2092; x_wconf 88' lang='lat' dir='ltr'>debetur</span> <span class='ocrx_word' id='word_1_326' title='bbox 1681 2050 1865 2093; x_wconf 83' lang='lat' dir='ltr'>maximo</span> <span class='ocrx_word' id='word_1_327' title='bbox 1879 2062 1987 2092; x_wconf 83' lang='lat' dir='ltr'>natu.</span> <span class='ocrx_word' id='word_1_328' title='bbox 2018 2066 2033 2092; x_wconf 92' lang='lat'>1</span> <span class='ocrx_word' id='word_1_329' title='bbox 2043 2057 2094 2095; x_wconf 72' lang='lat' dir='ltr'>8z</span> 
     </span>
     <span class='ocr_line' id='line_1_79' title="bbox 1280 2101 2096 2202; baseline 0.004 -57"><span class='ocrx_word' id='word_1_330' title='bbox 1280 2101 1474 2202; x_wconf 44' lang='lat' dir='ltr'>Rufinum</span> <span class='ocrx_word' id='word_1_331' title='bbox 1502 2108 1525 2147; x_wconf 74' lang='lat' dir='ltr'>a</span> <span class='ocrx_word' id='word_1_332' title='bbox 1552 2105 1705 2159; x_wconf 85' lang='lat' dir='ltr'>populo</span> <span class='ocrx_word' id='word_1_333' title='bbox 1719 2107 1897 2147; x_wconf 83' lang='lat' dir='ltr'>delatum</span> <span class='ocrx_word' id='word_1_334' title='bbox 1910 2106 1964 2148; x_wconf 93' lang='lat' dir='ltr'>est</span> <span class='ocrx_word' id='word_1_335' title='bbox 1980 2106 2096 2148; x_wconf 85' lang='lat' dir='ltr'>here-</span> 
     </span>
     <span class='ocr_line' id='line_1_80' title="bbox 1365 2159 2088 2216; baseline 0.006 -15"><span class='ocrx_word' id='word_1_336' title='bbox 1365 2159 1435 2202; x_wconf 68' lang='grc' dir='ltr'>’ωε</span> <span class='ocrx_word' id='word_1_337' title='bbox 1449 2159 1624 2216; x_wconf 76' lang='lat' dir='ltr'>separata</span> <span class='ocrx_word' id='word_1_338' title='bbox 1639 2163 1662 2202; x_wconf 71' lang='lat' dir='ltr'>a</span> <span class='ocrx_word' id='word_1_339' title='bbox 1688 2171 1822 2203; x_wconf 88' lang='lat' dir='ltr'>cetera</span> <span class='ocrx_word' id='word_1_340' title='bbox 1849 2160 2088 2205; x_wconf 87' lang='lat' dir='ltr'>hereditate.</span> 
     </span>
     <span class='ocr_line' id='line_1_81' title="bbox 2013 2222 2087 2259; baseline 0 0"><span class='ocrx_word' id='word_1_341' title='bbox 2013 2231 2030 2259; x_wconf 88' lang='lat'>1</span> <span class='ocrx_word' id='word_1_342' title='bbox 2039 2222 2064 2259; x_wconf 82' lang='lat'>8</span> <span class='ocrx_word' id='word_1_343' title='bbox 2084 2228 2087 2230; x_wconf 71' lang='grc'><strong><em>’</em></strong></span> 
     </span>
     <span class='ocr_line' id='line_1_82' title="bbox 1278 2232 2093 2329; baseline 0.002 -17"><span class='ocrx_word' id='word_1_344' title='bbox 1278 2266 1417 2324; x_wconf 83' lang='lat' dir='ltr'>Regni</span> <span class='ocrx_word' id='word_1_345' title='bbox 1433 2269 1478 2310; x_wconf 91' lang='lat'>&amp;</span> <span class='ocrx_word' id='word_1_346' title='bbox 1493 2269 1741 2324; x_wconf 78' lang='lat' dir='ltr'>principatus</span> <span class='ocrx_word' id='word_1_347' title='bbox 1758 2284 1880 2314; x_wconf 74' lang='lat' dir='ltr'>voces</span> <span class='ocrx_word' id='word_1_348' title='bbox 1894 2232 2093 2329; x_wconf 55' lang='lat' dir='ltr'>significa?-</span> 
     </span>
     <span class='ocr_line' id='line_1_83' title="bbox 1332 2324 2092 2380; baseline 0.016 -16"><span class='ocrx_word' id='word_1_349' title='bbox 1332 2333 1375 2364; x_wconf 88' lang='lat' dir='ltr'>tu</span> <span class='ocrx_word' id='word_1_350' title='bbox 1392 2324 1559 2378; x_wconf 88' lang='lat' dir='ltr'>proprio</span> <span class='ocrx_word' id='word_1_351' title='bbox 1579 2326 1623 2368; x_wconf 77' lang='grc' dir='ltr'>δι</span> <span class='ocrx_word' id='word_1_352' title='bbox 1637 2326 1879 2380; x_wconf 90' lang='lat' dir='ltr'>improprio.</span> <span class='ocrx_word' id='word_1_353' title='bbox 2041 2331 2092 2379; x_wconf 76' lang='lat'>57</span> 
     </span>
     <span class='ocr_line' id='line_1_84' title="bbox 1277 2377 2092 2436; baseline 0.005 -15"><span class='ocrx_word' id='word_1_354' title='bbox 1277 2377 1414 2436; x_wconf 84' lang='lat' dir='ltr'>Regni</span> <span class='ocrx_word' id='word_1_355' title='bbox 1429 2379 1535 2432; x_wconf 89' lang='lat' dir='ltr'>pleni</span> <span class='ocrx_word' id='word_1_356' title='bbox 1550 2381 1628 2422; x_wconf 83' lang='lat' dir='ltr'>five</span> <span class='ocrx_word' id='word_1_357' title='bbox 1640 2380 1815 2423; x_wconf 78' lang='lat' dir='ltr'>absoluti</span> <span class='ocrx_word' id='word_1_358' title='bbox 1831 2394 1945 2423; x_wconf 78' lang='lat' dir='ltr'>exem</span> <span class='ocrx_word' id='word_1_359' title='bbox 1976 2382 2030 2425; x_wconf 80' lang='lat' dir='ltr'>la.</span> <span class='ocrx_word' id='word_1_360' title='bbox 2041 2395 2092 2434; x_wconf 82' lang='lat'>54</span> 
     </span>
     <span class='ocr_line' id='line_1_85' title="bbox 1278 2434 2091 2489; baseline 0.005 -14"><span class='ocrx_word' id='word_1_361' title='bbox 1278 2434 1416 2489; x_wconf 85' lang='lat' dir='ltr'>Regni</span> <span class='ocrx_word' id='word_1_362' title='bbox 1431 2437 1452 2475; x_wconf 69' lang='lat' dir='ltr'>a</span> <span class='ocrx_word' id='word_1_363' title='bbox 1467 2436 1623 2489; x_wconf 89' lang='lat' dir='ltr'>populo</span> <span class='ocrx_word' id='word_1_364' title='bbox 1651 2436 1774 2479; x_wconf 85' lang='lat' dir='ltr'>delati</span> <span class='ocrx_word' id='word_1_365' title='bbox 1803 2436 1916 2480; x_wconf 87' lang='lat' dir='ltr'>succe</span> <span class='ocrx_word' id='word_1_366' title='bbox 1945 2450 1993 2478; x_wconf 85' lang='lat' dir='ltr'>or</span> <span class='ocrx_word' id='word_1_367' title='bbox 2007 2450 2091 2479; x_wconf 85' lang='lat' dir='ltr'>non</span> 
     </span>
     <span class='ocr_line' id='line_1_86' title="bbox 1330 2491 2087 2545; baseline 0.007 -15"><span class='ocrx_word' id='word_1_368' title='bbox 1330 2500 1486 2531; x_wconf 88' lang='lat' dir='ltr'>tenetur</span> <span class='ocrx_word' id='word_1_369' title='bbox 1501 2491 1550 2532; x_wconf 85' lang='lat' dir='ltr'>ad</span> <span class='ocrx_word' id='word_1_370' title='bbox 1565 2505 1689 2533; x_wconf 88' lang='lat' dir='ltr'>onera</span> <span class='ocrx_word' id='word_1_371' title='bbox 1704 2491 1961 2535; x_wconf 84' lang='lat' dir='ltr'>hereditaria.</span> <span class='ocrx_word' id='word_1_372' title='bbox 2011 2507 2027 2534; x_wconf 85' lang='lat'>1</span> <span class='ocrx_word' id='word_1_373' title='bbox 2037 2499 2087 2545; x_wconf 84' lang='lat'>83</span> 
     </span>
     <span class='ocr_line' id='line_1_87' title="bbox 1276 2543 2093 2605; baseline 0.005 -20"><span class='ocrx_word' id='word_1_374' title='bbox 1276 2543 1422 2605; x_wconf 76' lang='lat' dir='ltr'>Regna</span> <span class='ocrx_word' id='word_1_375' title='bbox 1443 2545 1577 2588; x_wconf 82' lang='lat' dir='ltr'>media</span> <span class='ocrx_word' id='word_1_376' title='bbox 1591 2546 1695 2588; x_wconf 85' lang='lat' dir='ltr'>iuter</span> <span class='ocrx_word' id='word_1_377' title='bbox 1707 2547 1940 2591; x_wconf 90' lang='lat' dir='ltr'>absolutum</span> <span class='ocrx_word' id='word_1_378' title='bbox 1953 2548 1997 2590; x_wconf 86' lang='lat'>&amp;</span> <span class='ocrx_word' id='word_1_379' title='bbox 2012 2549 2093 2591; x_wconf 87' lang='lat' dir='ltr'>La-</span> 
     </span>
     <span class='ocr_line' id='line_1_88' title="bbox 1328 2613 2085 2656; baseline 0.007 -16"><span class='ocrx_word' id='word_1_380' title='bbox 1328 2613 1537 2643; x_wconf 82' lang='lat' dir='ltr'>conicum.</span> <span class='ocrx_word' id='word_1_381' title='bbox 2032 2615 2055 2645; x_wconf 85' lang='lat'>6</span> <span class='ocrx_word' id='word_1_382' title='bbox 2061 2617 2085 2656; x_wconf 82' lang='lat'><em>3</em></span> 
     </span>
     <span class='ocr_line' id='line_1_89' title="bbox 1276 2654 2091 2710; baseline 0.002 -12"><span class='ocrx_word' id='word_1_383' title='bbox 1276 2654 1421 2709; x_wconf 85' lang='lat' dir='ltr'>Regna</span> <span class='ocrx_word' id='word_1_384' title='bbox 1448 2672 1471 2697; x_wconf 90' lang='lat' dir='ltr'>a</span> <span class='ocrx_word' id='word_1_385' title='bbox 1498 2655 1653 2710; x_wconf 88' lang='lat' dir='ltr'>populo</span> <span class='ocrx_word' id='word_1_386' title='bbox 1681 2655 1811 2700; x_wconf 82' lang='lat' dir='ltr'>delata</span> <span class='ocrx_word' id='word_1_387' title='bbox 1832 2656 1875 2700; x_wconf 87' lang='lat' dir='ltr'>in</span> <span class='ocrx_word' id='word_1_388' title='bbox 1889 2657 2015 2701; x_wconf 88' lang='lat' dir='ltr'>dubio</span> <span class='ocrx_word' id='word_1_389' title='bbox 2029 2659 2091 2700; x_wconf 85' lang='lat' dir='ltr'>in-</span> 
     </span>
     <span class='ocr_line' id='line_1_90' title="bbox 1329 2710 2088 2766; baseline 0.007 -15"><span class='ocrx_word' id='word_1_390' title='bbox 1329 2710 1508 2753; x_wconf 82' lang='lat' dir='ltr'>dividua.</span> <span class='ocrx_word' id='word_1_391' title='bbox 1710 2757 1714 2763; x_wconf 58' lang='grc'><em>,</em></span> <span class='ocrx_word' id='word_1_392' title='bbox 2010 2725 2025 2751; x_wconf 90' lang='lat'>1</span> <span class='ocrx_word' id='word_1_393' title='bbox 2036 2719 2057 2756; x_wconf 84' lang='lat'>8</span> <span class='ocrx_word' id='word_1_394' title='bbox 2065 2730 2088 2766; x_wconf 66' lang='grc' dir='ltr'>ι,</span> 
     </span>
     <span class='ocr_line' id='line_1_91' title="bbox 1277 2765 2089 2820; baseline 0.002 -12"><span class='ocrx_word' id='word_1_395' title='bbox 1277 2765 1419 2820; x_wconf 84' lang='lat' dir='ltr'>Regna</span> <span class='ocrx_word' id='word_1_396' title='bbox 1432 2768 1455 2807; x_wconf 77' lang='grc' dir='ltr'>Ξι</span> <span class='ocrx_word' id='word_1_397' title='bbox 1471 2766 1624 2820; x_wconf 84' lang='lat' dir='ltr'>populo</span> <span class='ocrx_word' id='word_1_398' title='bbox 1652 2766 1779 2809; x_wconf 86' lang='lat' dir='ltr'>delata</span> <span class='ocrx_word' id='word_1_399' title='bbox 1808 2781 1888 2809; x_wconf 88' lang='lat' dir='ltr'>non</span> <span class='ocrx_word' id='word_1_400' title='bbox 1903 2767 2089 2810; x_wconf 86' lang='lat' dir='ltr'>deferun-</span> 
     </span>
     <span class='ocr_line' id='line_1_92' title="bbox 1329 2821 2088 2879; baseline 0.007 -18"><span class='ocrx_word' id='word_1_401' title='bbox 1329 2832 1396 2861; x_wconf 89' lang='lat' dir='ltr'>tur</span> <span class='ocrx_word' id='word_1_402' title='bbox 1409 2822 1456 2862; x_wconf 88' lang='lat' dir='ltr'>ad</span> <span class='ocrx_word' id='word_1_403' title='bbox 1472 2835 1543 2863; x_wconf 83' lang='lat' dir='ltr'>eos</span> <span class='ocrx_word' id='word_1_404' title='bbox 1562 2851 1573 2869; x_wconf 90' lang='lat'>,</span> <span class='ocrx_word' id='word_1_405' title='bbox 1600 2821 1671 2876; x_wconf 87' lang='lat' dir='ltr'>qui</span> <span class='ocrx_word' id='word_1_406' title='bbox 1685 2823 1709 2863; x_wconf 74' lang='lat' dir='ltr'>a</span> <span class='ocrx_word' id='word_1_407' title='bbox 1724 2822 1856 2875; x_wconf 86' lang='lat' dir='ltr'>primo</span> <span class='ocrx_word' id='word_1_408' title='bbox 1872 2824 1988 2879; x_wconf 84' lang='lat' dir='ltr'>Rege</span> <span class='ocrx_word' id='word_1_409' title='bbox 2004 2835 2088 2866; x_wconf 78' lang='lat' dir='ltr'>non</span> 
     </span>
     <span class='ocr_line' id='line_1_93' title="bbox 1332 2874 2086 2922; baseline 0.008 -6"><span class='ocrx_word' id='word_1_410' title='bbox 1332 2874 1585 2918; x_wconf 86' lang='lat' dir='ltr'>descendunt.</span> <span class='ocrx_word' id='word_1_411' title='bbox 1611 2876 1702 2918; x_wconf 80' lang='lat' dir='ltr'>ibid.</span> <span class='ocrx_word' id='word_1_412' title='bbox 1731 2891 1811 2918; x_wconf 90' lang='lat' dir='ltr'>uon</span> <span class='ocrx_word' id='word_1_413' title='bbox 1839 2879 2006 2920; x_wconf 86' lang='lat' dir='ltr'>veniunt</span> <span class='ocrx_word' id='word_1_414' title='bbox 2034 2878 2086 2922; x_wconf 87' lang='lat' dir='ltr'>ad</span> 
     </span>
     <span class='ocr_line' id='line_1_94' title="bbox 1331 2931 2085 2986; baseline 0.004 -15"><span class='ocrx_word' id='word_1_415' title='bbox 1331 2933 1533 2974; x_wconf 85' lang='lat' dir='ltr'>naturales</span> <span class='ocrx_word' id='word_1_416' title='bbox 1547 2946 1619 2973; x_wconf 87' lang='lat' dir='ltr'>nec</span> <span class='ocrx_word' id='word_1_417' title='bbox 1633 2933 1682 2973; x_wconf 90' lang='lat' dir='ltr'>ad</span> <span class='ocrx_word' id='word_1_418' title='bbox 1698 2931 1927 2986; x_wconf 81' lang='lat' dir='ltr'>adoptivos.</span> <span class='ocrx_word' id='word_1_419' title='bbox 1993 2932 2085 2976; x_wconf 77' lang='lat' dir='ltr'>ibid.</span> 
     </span>
     <span class='ocr_line' id='line_1_95' title="bbox 1277 2985 2087 3040; baseline 0.004 -13"><span class='ocrx_word' id='word_1_420' title='bbox 1277 2985 1421 3040; x_wconf 81' lang='lat' dir='ltr'>Regna</span> <span class='ocrx_word' id='word_1_421' title='bbox 1434 2989 1457 3027; x_wconf 77' lang='grc' dir='ltr'>Ξι</span> <span class='ocrx_word' id='word_1_422' title='bbox 1471 2987 1624 3040; x_wconf 88' lang='lat' dir='ltr'>populo</span> <span class='ocrx_word' id='word_1_423' title='bbox 1650 2987 1779 3029; x_wconf 84' lang='lat' dir='ltr'>delata</span> <span class='ocrx_word' id='word_1_424' title='bbox 1804 2989 1851 3027; x_wconf 85' lang='lat' dir='ltr'>ad</span> <span class='ocrx_word' id='word_1_425' title='bbox 1867 3001 1995 3030; x_wconf 86' lang='lat' dir='ltr'>mares</span> <span class='ocrx_word' id='word_1_426' title='bbox 2017 3002 2087 3029; x_wconf 70' lang='lat' dir='ltr'>ve·</span> 
     </span>
     <span class='ocr_line' id='line_1_96' title="bbox 1333 3041 2080 3096; baseline 0.005 -15"><span class='ocrx_word' id='word_1_427' title='bbox 1333 3041 1448 3081; x_wconf 87' lang='lat' dir='ltr'>niuut</span> <span class='ocrx_word' id='word_1_428' title='bbox 1462 3042 1596 3094; x_wconf 88' lang='lat' dir='ltr'>potius</span> <span class='ocrx_word' id='word_1_429' title='bbox 1610 3054 1728 3095; x_wconf 87' lang='lat' dir='ltr'>quam</span> <span class='ocrx_word' id='word_1_430' title='bbox 1744 3043 1791 3083; x_wconf 80' lang='lat' dir='ltr'>ad</span> <span class='ocrx_word' id='word_1_431' title='bbox 1808 3041 1988 3084; x_wconf 75' lang='lat' dir='ltr'>feminas.</span> <span class='ocrx_word' id='word_1_432' title='bbox 2007 3057 2022 3084; x_wconf 92' lang='lat'>1</span> <span class='ocrx_word' id='word_1_433' title='bbox 2032 3049 2080 3096; x_wconf 83' lang='lat'>83</span> 
     </span>
     <span class='ocr_line' id='line_1_97' title="bbox 1277 3094 2086 3152; baseline 0.004 -15"><span class='ocrx_word' id='word_1_434' title='bbox 1277 3094 1422 3150; x_wconf 84' lang='lat' dir='ltr'>Regna</span> <span class='ocrx_word' id='word_1_435' title='bbox 1433 3097 1645 3149; x_wconf 85' lang='lat' dir='ltr'>quomodo</span> <span class='ocrx_word' id='word_1_436' title='bbox 1658 3095 1885 3139; x_wconf 83' lang='lat' dir='ltr'>deferantur</span> <span class='ocrx_word' id='word_1_437' title='bbox 1912 3112 1980 3152; x_wconf 87' lang='lat' dir='ltr'>per</span> <span class='ocrx_word' id='word_1_438' title='bbox 1995 3098 2086 3139; x_wconf 82' lang='lat' dir='ltr'>suc-</span> 
     </span>
     <span class='ocr_line' id='line_1_98' title="bbox 1333 3147 2078 3195; baseline 0.007 -5"><span class='ocrx_word' id='word_1_439' title='bbox 1333 3147 1540 3192; x_wconf 82' lang='lat' dir='ltr'>ceffiouem</span> <span class='ocrx_word' id='word_1_440' title='bbox 1554 3152 1603 3192; x_wconf 89' lang='lat' dir='ltr'>ab</span> <span class='ocrx_word' id='word_1_441' title='bbox 1617 3150 1803 3193; x_wconf 87' lang='lat' dir='ltr'>intestato</span> <span class='ocrx_word' id='word_1_442' title='bbox 1817 3181 1828 3193; x_wconf 89' lang='lat'>.</span> <span class='ocrx_word' id='word_1_443' title='bbox 2006 3167 2021 3194; x_wconf 83' lang='lat'><strong>1</strong></span> <span class='ocrx_word' id='word_1_444' title='bbox 2031 3159 2078 3195; x_wconf 82' lang='lat'>81</span> 
     </span>
     <span class='ocr_line' id='line_1_99' title="bbox 1281 3203 2083 3300; baseline 0.004 -55"><span class='ocrx_word' id='word_1_445' title='bbox 1281 3203 1425 3300; x_wconf 66' lang='lat' dir='ltr'>Resgua</span> <span class='ocrx_word' id='word_1_446' title='bbox 1453 3206 1753 3259; x_wconf 82' lang='lat' dir='ltr'>patrimonialia</span> <span class='ocrx_word' id='word_1_447' title='bbox 1776 3207 1982 3261; x_wconf 83' lang='lat' dir='ltr'>pervenire</span> <span class='ocrx_word' id='word_1_448' title='bbox 1995 3210 2083 3260; x_wconf 79' lang='lat' dir='ltr'>pos-</span> 
     </span>
     <span class='ocr_line' id='line_1_100' title="bbox 1353 3261 2082 3358; baseline 0.015 -58"><span class='ocrx_word' id='word_1_449' title='bbox 1353 3272 1423 3300; x_wconf 85' lang='lat' dir='ltr'>unt</span> <span class='ocrx_word' id='word_1_450' title='bbox 1436 3262 1483 3302; x_wconf 90' lang='lat' dir='ltr'>ad</span> <span class='ocrx_word' id='word_1_451' title='bbox 1499 3275 1582 3306; x_wconf 86' lang='lat' dir='ltr'>eos.</span> <span class='ocrx_word' id='word_1_452' title='bbox 1597 3261 1668 3318; x_wconf 88' lang='lat' dir='ltr'>qui</span> <span class='ocrx_word' id='word_1_453' title='bbox 1681 3264 1705 3305; x_wconf 68' lang='lat' dir='ltr'>a</span> <span class='ocrx_word' id='word_1_454' title='bbox 1719 3262 1854 3319; x_wconf 79' lang='lat' dir='ltr'>primo</span> <span class='ocrx_word' id='word_1_455' title='bbox 1866 3264 1984 3318; x_wconf 79' lang='lat' dir='ltr'>Rege</span> <span class='ocrx_word' id='word_1_456' title='bbox 1999 3275 2082 3358; x_wconf 44' lang='lat'>221¹</span> 
     </span>
     <span class='ocr_line' id='line_1_101' title="bbox 1985 3332 2082 3358; baseline 0.021 -2"><span class='ocrx_word' id='word_1_457' title='bbox 1985 3332 1996 3356; x_wconf 75' lang='lat' dir='ltr'>t</span> <span class='ocrx_word' id='word_1_458' title='bbox 2023 3333 2037 3357; x_wconf 86' lang='lat' dir='ltr'><em>l</em></span> <span class='ocrx_word' id='word_1_459' title='bbox 2067 3345 2082 3358; x_wconf 79' lang='grc' dir='ltr'><strong><em>ο</em></strong></span> 
     </span>
     <span class='ocr_line' id='line_1_102' title="bbox 1888 3371 2082 3428; baseline 0.005 -12"><span class='ocrx_word' id='word_1_460' title='bbox 1888 3371 2082 3428; x_wconf 83' lang='lat' dir='ltr'>Regnum</span> 
     </span>
    </p>
   </div>
   <div class='ocr_carea' id='block_1_11' title="bbox 1335 3314 1588 3364">
    <p class='ocr_par' dir='ltr' id='par_1_11' title="bbox 1335 3314 1588 3364">
     <span class='ocr_line' id='line_1_103' title="bbox 1335 3314 1588 3364; baseline 0.024 -7"><span class='ocrx_word' id='word_1_461' title='bbox 1335 3314 1588 3364; x_wconf 74' lang='lat' dir='ltr'>descendunt·</span> 
     </span>
    </p>
   </div>
  </div>
 </body>
</html>
