2380 3917
439 299 513 348 184
842 297 1697 335 DEIVREBELLI

440 385 633 436 regnum
650 383 741 415 non
754 366 805 414 sit
823 365 1016 416 feudale,
1031 379 1109 413 aut
1125 378 1251 411 certe
1261 366 1473 426 primitus
1488 382 1579 413 non
1596 364 1758 423 fuerit,·
1770 364 1940 412 etiamsi
1955 364 2110 429 postea

439 435 695 483 hominium
714 446 799 494 pro
819 445 877 475 eo
899 427 1139 491 praestetur,
1161 426 1415 476 succeditur
1428 428 1603 494 exlege
1619 466 1632 486 ,
1655 429 1804 494 quain
1816 428 1999 477 allodiis
2015 427 2115 477 suc-

440 498 689 544 cedebatur
700 507 909 556 tempore
927 493 1054 556 regni
1067 489 1266 543 instituti.

506 561 556 609 X
568 559 616 606 X
632 560 671 605 Ι.
704 557 752 604 In
766 559 816 604 iis
831 569 983 602 autem
1003 555 1154 618 regnis
1173 590 1185 610 ‚
1205 571 1300 616 quae
1314 551 1525 617 primitus
1540 550 1650 607 data
1667 549 1765 600 sunt
1782 554 1828 599 in
1845 552 2036 601 feudum
2052 551 2112 602 ab

445 642 503 673 eo
521 624 597 686 qui
616 622 744 685 plene
760 620 975 666 dominus
991 631 1091 664 erat
1107 656 1118 673 ,
1149 615 1375 679 sequenda
1392 616 1476 663 erit
1490 616 1566 663 lex
1582 614 1865 667 successionis
1883 615 2074 664 feudalis
2094 636 2113 676 3

443 705 536 738 non
555 685 727 750 semper
743 680 1090 747 Langobardica
1106 679 1181 727 illa
1196 695 1334 742 quam
1350 679 1513 742 perscri
1549 692 1645 726 tam
1663 678 1898 735 habemus,
1921 677 1999 725 sed
2015 696 2111 742 quae

441 753 487 799 in
504 765 640 815 gente
656 762 835 810 quaque
851 759 1032 806 recepta
1059 743 1147 790 fuit
1163 759 1258 808 quo
1286 757 1496 806 tempore
1511 694 1618 789 Sata
1644 740 1706 789 est
1722 743 1868 804 prima
1879 740 2106 790 vestitura.

443 813 574 863 Nam
589 811 752 867 Gothi,
770 808 982 864 Vandali,
1000 803 2110 869 Alemanni‚Franci‚Burgundiones‚Angli,Saxo-

440 892 520 929 nes
542 913 554 931 ,
581 877 786 923 nationes
803 887 964 919 omnes
979 871 1259 918 Germanicae
1278 907 1289 925 ,
1353 870 1397 915 ui
1427 882 1577 931 partes
1598 868 1793 932 optimas
1810 868 1874 915 im
1908 868 1990 914 erii
2008 867 2110 915 Ro-

441 939 563 989 mani
578 939 703 986 bello
721 948 1005 1000 occuparunt
1025 972 1037 991 ,
1059 933 1153 980 suas
1170 885 1464 997 finguliclcges
1481 969 1494 990 ,
1523 946 1601 979 aut
1616 946 1771 979 mores
1782 929 1842 977 de
1880 930 2007 979 cudis
2017 947 2110 980 non

441 1004 592 1051 minus
608 1016 746 1064 quam
760 996 1058 1063 Langobardi
1076 995 1344 1043 habuerunt.

506 1065 558 1114 X
569 1063 703 1112 XII.
737 1063 963 1124 frequens
981 1075 1132 1107 autem
1149 1061 1193 1106 in
1205 1059 1349 1122 regnis
1366 1057 1428 1105 est
1445 1057 1529 1105 alia
1545 1054 1747 1121 quaedam
1766 1056 1996 1114 succeffio,
2015 1072 2103 1104 non

441 1129 734 1180 hereditaria,
754 1125 829 1174 sed
847 1141 942 1187 quae
957 1122 1168 1172 *linealis
1187 1121 1369 1180 dicitur3
1385 1123 1429 1167 in
1445 1137 1534 1184 qua
1551 1121 1782 1169 observari
1798 1120 1912 1168 solet
1929 1136 2021 1167 non
2036 1122 2104 1181 jus

440 1193 554 1242 illud
573 1191 806 1237 sub1tionis
823 1189 869 1233 in
886 1187 1041 1234 locum
1052 1203 1145 1250 quae
1162 1184 1494 1250 repraesentatio
1509 1184 1693 1241 dicitur,
1708 1184 1782 1232 sed
1798 1186 1867 1244 jus
1883 1182 2105 1238 transmit-

441 1255 567 1305 tendi
586 1252 788 1300 futuram
807 1249 1146 1306 succeffionem‚
1162 1247 1281 1311 quafi
1293 1247 1506 1303 delatam,
1521 1248 1622 1310 lege
1641 1246 1806 1295 scilicet
1817 1262 1876 1295 ex
1892 1244 1967 1309 spe
1982 1282 1993 1297 ‚
2013 1262 2103 1309 quae

297 1325 316 1359 b
331 1324 419 1359 cond·
442 1319 552 1369 nihil
569 1333 626 1364 ex
645 1314 687 1362 se
716 1316 764 1360 δε
781 1312 1045 1360 naturaliter
1060 1325 1273 1376 operatur
1290 1350 1302 1368 ,
1338 1313 1409 1370 jus
1425 1310 1663 1372 quoddam
1680 1326 1838 1358 verum
1863 1310 2104 1357 excitante.

235 1389 243 1406 ¹
272 1375 333 1408 Αἱ
362 1376 396 1409 V,
444 1382 575 1447 quale
591 1379 756 1427 scilicet
774 1379 843 1438 jus
855 1375 916 1423 est
933 1380 956 1407 *
975 1378 1020 1424 in
1038 1377 1107 1424 his
1129 1393 1223 1439 quae
1238 1390 1296 1422 ex
1312 1373 1596 1438 stipulatione
1607 1374 1922 1421 conditionata
1936 1372 2103 1420 deben-

441 1461 540 1494 tur:
562 1445 626 1490 ita
643 1458 694 1488 ut
710 1442 797 1487 hoc
813 1437 958 1547 ipsum
974 1440 1044 1498 jus
1066 1440 1112 1485 in
1128 1438 1331 1503 posteros
1347 1453 1404 1484 ex
1418 1438 1572 1501 primo
1589 1452 1698 1500 rege
1715 1439 1942 1484 venientes
1955 1434 2102 1486 necest-

440 1510 556 1558 sario
575 1504 767 1552 transeat
787 1540 795 1553 ‚
847 1500 905 1548 ed
923 1501 1087 1548 ordine
1102 1516 1232 1549 certo
1253 1539 1265 1557 ‚
1297 1516 1348 1548 ut
1370 1503 1563 1564 primum
1582 1515 1798 1550 vocentur
1814 1499 1945 1546 liberi
1960 1498 2104 1552 ultimi

438 1569 689 1638 poll'essoris
707 1567 839 1630 primi
856 1564 1039 1628 gradus,
1059 1580 1155 1612 tam
1169 1566 1244 1628 qui
1261 1566 1419 1612 vivunt
1436 1580 1573 1626 quam
1591 1566 1668 1626 qui
1686 1564 1858 1611 mortui
1875 1563 1989 1610 sunt:
2003 1578 2104 1609 tum

437 1650 553 1685 vero
569 1635 682 1680 inter
707 1632 840 1679 vivos
857 1630 906 1675 δε
927 1643 1147 1676 mortuos
1166 1629 1285 1676 ratio
1302 1627 1519 1676 habeatur
1537 1627 1664 1680 sexus
1677 1629 1874 1692 primum
1895 1664 1906 1683 ,
1941 1625 2104 1672 deinde

437 1698 608 1748 aetatis:
640 1694 944 1741 Mortuorum
967 1706 1120 1738 autem
1140 1692 1210 1751 jus
1229 1690 1259 1738 fi
1276 1690 1515 1754 praevaleat
1549 1690 1744 1738 transeat
1771 1689 1830 1737 ad
1844 1706 1927 1737 eos
1944 1690 2019 1753 qui
2046 1688 2106 1735 ab

437 1761 540 1825 ipsis
558 1757 847 1812 descendunt,
869 1756 967 1818 pari
982 1753 1155 1802 rursum
1171 1755 1288 1800 inter
1304 1762 1434 1817 pares
1450 1755 1750 1819 praerogativa
1768 1752 1962 1806 sexusac
1978 1752 2105 1799 dein-2

440 1839 547 1888 ceps
562 1823 714 1877 aetatis,
736 1820 942 1882 salvaque
954 1817 1128 1881 semper
1144 1817 1478 1864 transmissione
1496 1832 1786 1865 mortuorum
1804 1818 1844 1862 in
1865 1818 1995 1865 vivos
2009 1853 2022 1872 ,
2040 1816 2106 1863 vi-

440 1902 609 1935 vorum
625 1886 670 1931 in
683 1897 909 1930 mortuos.
925 1880 971 1928 Si
986 1879 1118 1928 liberi
1135 1882 1230 1934 ejus
1245 1879 1589 1936 defint‚venitur
1606 1879 1663 1928 ad
1682 1880 1796 1928 alios
1813 1882 1886 1942 qui
1906 1879 2104 1944 proximi

441 1950 634 2004 sunt‚aut
649 1946 680 1993 fi
697 1948 900 1993 viverent
914 1945 1049 1992 effent
1065 1943 1196 1990 simili
1210 1942 1540 1991 tranfiniffione
1551 1944 1599 1989 δέ
1614 1945 1730 1990 inter
1743 1958 1873 2005 pares
1885 1945 1930 1989 in
1941 1941 2106 1989 eadem

440 2014 560 2063 linea
576 2010 817 2057 observato
833 2006 1087 2055 discrimine
1101 2004 1229 2052 sexus
1244 2007 1292 2053 δι
1308 2007 1537 2063 aetatis,ita
1551 2021 1604 2053 ut
1619 2006 1683 2053 ob
1700 2006 1852 2053 sexum
1866 2007 1913 2053 &
1925 2019 2106 2053 aetatem

444 2090 670 2135 nunquam
699 2070 945 2118 transeatur
962 2070 1022 2118 de
1038 2071 1157 2117 linea
1173 2070 1216 2115 in
1247 2069 1424 2116 lineam.
1460 2067 1552 2116 Cui
1578 2069 1855 2133 consequens
1871 2069 1931 2116 est
1948 2083 1996 2115 ut
2013 2068 2105 2116 filia

442 2155 502 2184 cx
519 2137 611 2183 filio
630 2133 892 2199 praeferatur
908 2135 1000 2181 filio
1018 2150 1075 2180 ex
1091 2133 1181 2179 filia
1200 2134 1267 2180 ,δέ
1283 2133 1373 2179 filia
1385 2148 1445 2182 ex
1463 2131 1604 2179 fratre
1620 2133 1714 2179 filio
1728 2150 1785 2179 ex
1803 2132 1974 2187 sorore,
1992 2132 2106 2178 item

204 2204 317 2260 Covffr.
338 2209 366 2240 e,
384 2214 417 2243 2.
442 2202 555 2247 filius
573 2199 759 2257 majoris
775 2196 926 2243 fratris
943 2196 1071 2244 fratri
1089 2198 1273 2252 minori,
1289 2212 1425 2258 atque
1440 2197 1504 2242 ita
1524 2198 1568 2242 in
1583 2199 1772 2243 caeteris.
1808 2195 1919 2242 Haec
1935 2193 1996 2240 est
2013 2194 2107 2241 suc·

198 2253 353 2336 Ρζίζκζ
369 2266 404 2328 ‘⁸‘
440 2264 577 2310 cessio
595 2263 717 2324 regni
737 2259 1015 2315 Castellae,ad
1031 2259 1157 2317 cujus
1170 2259 1430 2321 exemplum
1449 2260 1587 2306 etiam
1606 2276 1681 2307 ma
1699 2275 1854 2306 oratus
1871 2260 1969 2320 jura
1985 2258 2028 2303 in
2045 2273 2104 2304 eo

198 2310 322 2382 «ΞΛΜ,
343 2325 418 2381 d'f
441 2342 584 2391 regno
600 2323 841 2371 constituta
871 2323 986 2369 sunt.
1020 2320 1317 2368 Succeffionis
1334 2336 1487 2368 autem
1521 2322 1654 2383 hujus
1680 2323 1849 2369 linealis
1864 2336 2107 2384 argumen-⁴

200 2405 374 2442 pnmcgm.
442 2406 555 2441 tum,
579 2390 607 2435 fi
625 2388 697 2434 lex
714 2388 761 2432 δε
778 2385 989 2446 exempla
1006 2383 1160 2440 definr,
1181 2383 1293 2430 sumi
1310 2386 1479 2447 poterit
1497 2401 1556 2432 ex
1574 2386 1738 2433 ordine
1754 2387 1828 2449 qui
1846 2387 1889 2431 in
1914 2384 2108 2446 publicis

204 2442 294 2485 14:13³.
316 2443 422 2490 “⁸1''8·
438 2453 632 2500 coetibus
647 2450 866 2497 servatur.
901 2447 1030 2493 Nam
1043 2448 1072 2494 si
1091 2448 1133 2492 in
1150 2463 1209 2492 eo
1227 2449 1346 2494 ratio
1363 2447 1586 2496 habeatur
1601 2450 1818 2496 linearum
1840 2487 1850 2503 ,
1869 2446 1916 2494 id
1932 2446 2106 2511 {ignum

443 2517 531 2561 erit
549 2515 575 2560 s
578 2529 672 2558 wem
692 2517 717 2559 a
737 2511 837 2576 lege
855 2512 899 2559 in
919 2514 988 2570 jus
1005 2511 1245 2556 animatam
1263 2549 1274 2567 ,
1297 2511 1361 2558 ita
1376 2526 1424 2557 ut
1442 2515 1470 2558 a
1484 2513 1784 2560 morientibus
1799 2515 1842 2559 in
1854 2509 2105 2573 superstites

440 2532 650 2625 transdat.
688 2574 798 2621 Haec
814 2589 966 2620 autem
986 2572 1045 2619 est
1060 2571 1274 2618 succeffio
1287 2573 1456 2620 linealis
1473 2575 1726 2637 cognatica,
1744 2577 1789 2622 in
1807 2590 1894 2638 qua
1910 2572 2106 2619 f'oeminae

442 2644 491 2688 δε
510 2639 705 2686 foeminis
723 2639 817 2684 nati
839 2653 928 2683 non
947 2633 1247 2685 excluduntur
1261 2673 1272 2691 ,
1295 2635 1370 2682 sed
1388 2636 1722 2699 postponuntur
1738 2641 1783 2685 in
1798 2636 1958 2685 cadem
1972 2636 2103 2691 linea,

444 2707 506 2751 ita
524 2718 571 2749 ut
589 2704 725 2748 etiam
745 2699 959 2762 regressus
980 2698 1035 2745 ad
1055 2713 1131 2744 eas
1149 2697 1200 2743 fit
1218 2735 1229 2752 ,
1249 2698 1277 2744 fi
1294 2701 1532 2761 propiores
1551 2713 1625 2746 aut
1641 2716 1769 2761 pares
1784 2715 1940 2748 caetera
1957 2713 2107 2751 mares

445 2783 521 2813 aur
549 2781 605 2810 ex
629 2762 829 2812 maribuss
847 2761 1113 2808 defecerint.
1149 2761 1508 2809 Fundamentum
1539 2777 1692 2812 autem
1718 2766 1851 2824 hujus
1869 2760 2105 2809 successio-

444 2831 528 2883 nis,
549 2842 761 2890 quatenus
780 2825 836 2872 ab
855 2825 1125 2872 hereditaria
1145 2822 1293 2870 differt
1313 2863 1324 2879 ,
1361 2823 1421 2869 est
1437 2823 1532 2888 spes
1550 2826 1823 2886 populorum
1839 2825 1898 2872 de
1925 2826 2105 2889 optima

445 2891 714 2938 educatione
731 2904 893 2934 eorum
913 2905 989 2949 qui
1025 2886 1146 2948 spem
1165 2889 1289 2948 regni
1309 2885 1475 2933 habent
1491 2888 1770 2947 justissimam
1786 2911 1803 2950 3
1835 2888 1988 2954 quales
2004 2886 2105 2934 sunt

444 2969 640 3017 quornm
661 2966 866 3005 parentes
887 2951 913 2996 fi
936 2953 1142 2997 viverent
1154 2949 1289 2996 effent
1306 2949 1550 2997 successuri.

508 3015 557 3061 X
573 3008 681 3061 ΧΠ
701 3014 734 3060 l.
770 3019 791 3042 *
816 3014 886 3059 Est
914 3016 961 3059 δε
979 3014 1063 3059 alia
1082 3013 1248 3058 linealis
1272 3011 1483 3059 successio
1501 3015 1701 3077 agnatica
1721 3054 1732 3069 ,
1769 3017 1990 3062 duntaxat
2005 3028 2122 3063 ma-.

444 3082 558 3126 rium
584 3094 640 3122 ex
654 3077 870 3133 maribus3
890 3094 981 3138 qux
996 3094 1052 3122 cx
1072 3075 1334 3122 nobilissimi
1353 3079 1477 3138 regni
1495 3077 1707 3141 exemplo
1725 3078 1749 3114 *f
1766 3075 1978 3124 succeffio
1996 3076 2105 3135 juris

442 3142 641 3190 francici
665 3141 803 3201 vulgo
822 3139 1084 3199 appellatur.
1119 3137 1228 3185 Haec
1245 3153 1458 3201 quatenus
1483 3142 1510 3185 a
1524 3142 1761 3203 cognatica
1777 3139 1928 3186 differt
1951 3140 1995 3184 in
2013 3138 2104 3183 hoc

444 3207 642 3251 maxime
661 3201 916 3247 introduCla
933 3202 1017 3255 est,
1049 3217 1102 3246 ne
1125 3217 1203 3259 per
1220 3200 1504 3248 foeminarum
1524 3204 1812 3250 matrimonia
1827 3202 1886 3249 ad
1902 3201 2106 3264 peregri-

445 3284 550 3311 num
571 3266 821 3329 sanguinem
842 3266 1083 3326 imperium
1111 3264 1363 3310 deveniret.
1398 3265 1450 3325 ln
1464 3280 1651 3328 utraque
1668 3280 1822 3312 autem
1844 3264 1988 3312 lineali
2007 3263 2113 3311 suc-.

442 3330 635 3375 cellionc
669 3331 712 3374 in
744 3327 965 3374 infinitum
992 3327 1296 3375 admittuntur
1322 3329 1459 3374 etiam
1483 3331 1560 3390 qui
1583 3328 1641 3377 ab
1663 3329 1829 3375 ultimo
1863 3325 2105 3389 poffessore

1948 3401 2106 3435 remo-
