2527 3938
838 300 1705 374 P'ROLEGOMENA.

421 392 640 449 vitentur,
654 386 842 438 defendi
857 389 1022 440 debeat
1046 406 1164 455 :quae
1180 392 1437 444 observatio
1455 416 1588 463 quam
1608 404 1658 451 fit
1672 408 1903 457 necessaria
1922 412 1975 459 ad
2004 430 2072 465 res

424 454 592 503 multas
610 491 623 510 ‚
656 452 811 517 inipso
826 455 978 517 Operi-S
992 470 1213 502 contextu
1236 461 1484 521 apparebit.
1518 464 1630 512 Non
1649 471 1791 518 minus
1810 470 1992 522 sollicite
2010 479 2071 525 se-

423 517 700 587 paraviinus3
714 532 768 564 ea
782 533 878 580 quae
895 516 1115 577 jurissunt
1132 518 1275 567 stride
1288 537 1339 568 ac
1354 528 1538 596 proprie
1556 528 1676 587 disti,
1697 534 1814 580 unde
1833 537 2072 587 restitutio-

423 580 494 628 nis
509 578 734 645 obligatio
752 583 903 628 oritur
921 618 934 636 ‚
949 581 999 628 δε
1012 596 1069 627 ea
1086 596 1180 644 quae
1194 582 1302 641 juris
1312 586 1396 632 effe
1408 586 1617 637 dicuntur
1635 632 1644 650 ‚
1676 597 1773 641 onia
1790 597 2055 650 aliteraoere

421 657 531 690 curn
547 641 638 690 alio
652 643 802 706 aliquo
821 641 947 691 rectae
960 644 1148 691 rationis
1164 644 1333 694 dictato
1346 663 1530 712 pugnat:
1551 653 1612 700 de
1627 640 1712 716 quit
1727 659 1832 716 juris
1848 662 1891 707 di
1902 636 2076 713 vcfssfital

424 719 475 753 te
499 704 667 768 aliquid
683 708 772 767 jam
789 707 839 752 δε
854 705 983 770 supra
997 705 1332 756 diximusdnter
1343 711 1635 776 philosophos
1653 722 1814 767 merito
1832 727 2076 790 nrincipem

423 766 607 816 obtinet
620 767 776 816 locum
791 767 1068 824 Aristoteles,
1087 767 1176 816 five
1191 771 1409 820 tractandi
1427 776 1635 825 ordinem
1655 815 1664 830 ‚
1683 780 1770 828 five
1781 764 2071 837 di'stiwuendi

409 846 616 887 *acumen
633 869 645 888 ‚
663 831 754 879 five
769 832 995 878 rationum
1013 831 1215 895 pondera
1228 835 1489 885 confideres.
1528 839 1703 889 Vtinam
1729 858 1894 894 tantum
1910 821 2072 898 {ii-inci-

423 907 559 959 patus
577 893 654 941 ille
668 892 724 943 ab
742 894 915 956 aliquot
944 894 1047 940 hinc
1068 892 1225 942 saeculiss
1243 900 1389 945 nonin
1419 904 1699 961 tyrannidem
1721 906 1885 955 abiisset
1912 881 1999 959 tita
2022 931 2071 962 ut

425 958 595 1005 veritas
608 959 680 1004 cui
696 956 958 1004 Aristoteles
974 955 1153 1003 fidelem
1168 961 1345 1006 navavit
1363 977 1549 1023 operam
1565 1003 1576 1021 ,
1602 967 1717 1014 nulla
1748 971 1762 1029 j
1769 986 1838 1015 am
1862 950 1914 1017 re³
1926 979 2068 1023 mauis

426 1035 462 1067 o
497 1021 718 1084 primatur
745 1036 879 1082 quam
900 1019 1148 1066 Aristotelis
1170 1024 1370 1069 nomine.
1405 1024 1506 1088 Ego
1525 1027 1572 1072 &
1588 1028 1662 1075 hic
1689 1031 1736 1075 &
1753 1032 1852 1078 alibi
1872 1017 2073 1083 veterii'm

476 1081 791 1130 hristianorum
811 1081 971 1145 sequor
985 1081 1241 1130 libertatem
1262 1123 1272 1138 ‚
1305 1086 1436 1148 quiin
1453 1087 1610 1136 nullius
1627 1091 1991 1155 philosophorum
2010 1099 2073 1144 se-

428 1146 552 1194 &am
571 1146 829 1205 juraverant
846 1183 857 1199 ,
891 1160 982 1191 non
998 1144 1123 1207 quod
1135 1146 1199 1193 ‘eis
1216 1146 1519 1196 assentirentur
1564 1154 1606 1197 ui
1634 1155 1743 1200 nihil
1775 1160 1936 1225 percipi
1953 1160 2072 1222 poss‘e

423 1207 640 1257 dicebant
660 1247 672 1267 ,
701 1224 794 1271 quo
810 1207 917 1255 nihil
932 1207 993 1254 est
1010 1207 1214 1268 stultius3
1245 1208 1322 1256 sed
1349 1211 1471 1271 quod
1490 1167 1651 1260 millam
1671 1215 1751 1261 effe
1768 1218 1922 1267 lectam
1941 1237 2068 1283 puta-

425 1286 531 1321 rent
549 1287 642 1334 quae
660 1286 795 1317 omne
807 1285 965 1318 verum
984 1270 1162 1317 vidiffet
1179 1308 1190 1325 ⁷
1225 1273 1271 1317 &
1291 1273 1455 1320 nullam
1473 1290 1566 1335 quae
1585 1293 1673 1323 non
1687 1280 1848 1342 aliquid
1867 1298 1923 1328 ex
1940 1300 2069 1331 vero,

424 1334 624 1398 Itaque*
641 1335 880 1381 veritatem
896 1331 1087 1395 sparsam
1107 1348 1186 1395 per
1205 1333 1395 1398 singulos
1415 1374 1425 1393 ,
1446 1352 1525 1399 per
1543 1337 1755 1402 festasque
1771 1342 1965 1390 diffusum
1984 1384 1994 1400 ,
2027 1348 2071 1392 in

424 1412 595 1464 corpus
619 1395 837 1461 colligere
851 1434 862 1452 ,
894 1395 940 1442 id
960 1410 1072 1441 veto
1086 1395 1398 1444 existimabant
1413 1436 1423 1454 ‚
1454 1400 1561 1446 nihil
1579 1401 1661 1448 effe
1686 1403 1802 1450 aliud
1818 1423 1949 1467 qnam
1969 1423 2071 1453 vere

425 1458 729 1509 Christianam
742 1458 921 1506 tradere
937 1455 1227 1519 disciplinam.
1259 1459 1381 1506 Inter
1393 1474 1550 1508 caetera
1567 1501 1579 1518 ,
1615 1478 1663 1510 ut
1683 1466 1770 1510 hoc
1783 1466 1929 1514 obiter
1946 1471 1969 1516 “a
1985 1485 2066 1514 no-

425 1523 520 1571 stro
541 1521 746 1569 instituto
761 1537 852 1568 non
883 1521 1075 1567 alienum
1095 1519 1242 1566 dicam
1264 1561 1274 1579 ,
1308 1539 1397 1569 non
1416 1522 1501 1569 fine
1519 1524 1642 1571 causti
1661 1527 1865 1575 videntur
1890 1530 1999 1576 milii
2016 1531 2071 1577 ab

425 1584 670 1633 Aristotele
682 1583 913 1631 discedere
936 1620 947 1638 ,
965 1585 1015 1628 &
1035 1582 1252 1629 Platonici
1272 1585 1528 1632 nonnulli&
1542 1586 1777 1634 Christiani
1795 1607 1966 1638 veteres
1984 1630 1995 1646 ,
2027 1595 2071 1639 in

424 1664 487 1695 eo
505 1645 632 1710 quod
650 1645 722 1692 ille
737 1661 938 1693 naturam
956 1644 1093 1708 ipsam
1111 1647 1153 1691 vi
1161 1647 1286 1693 frutis
1301 1650 1343 1693 in
1359 1647 1672 1696 mediocritate
1687 1649 1919 1699 affectuum
1934 1654 2073 1701 astio-

427 1725 629 1773 numque
647 1708 872 1772 posuerit:
890 1708 1018 1770 quod
1035 1707 1169 1755 semel
1187 1709 1379 1769 politum
1397 1725 1453 1755 eo
1468 1709 1605 1772 ipsum
1624 1711 1808 1760 abduxit
1827 1753 1836 1771 ‚
1856 1730 1905 1761 ut
1923 1717 2067 1763 &vir-

422 1786 546 1821 tutes
559 1770 756 1819 diversas
776 1810 786 1827 ,
818 1782 925 1833 puta
942 1770 1258 1818 liberalitatem
1276 1773 1323 1817 δέ
1336 1771 1645 1834 parfimoniam
1659 1777 1701 1820 in
1720 1792 1850 1822 unam
1869 1781 2072 1842 compin-

458 1849 558 1883 eret
574 1871 585 1886 ,
598 1835 645 1879 &
664 1834 842 1880 veritati
860 1833 989 1880 daret
1003 1833 1207 1896 oppofita
1226 1835 1414 1880 minime
1430 1850 1486 1880 ex
1499 1850 1622 1897 aequo
1640 1836 1944 1899 respondentia
1961 1878 1969 1895 ,
2007 1843 2075 1900 ja-

425 1852 644 1946 }tantiam
670 1897 719 1942 &
735 1895 1165 1953 diffimulationern3
1212 1896 1260 1941 δε
1275 1896 1537 1958 quibusdam
1553 1896 1681 1945 rebus
1699 1901 1791 1946 vitii
1809 1917 1971 1947 nornen
1987 1904 2073 1948 ini-

425 1973 633 2027 poneret,
656 1975 748 2022 quae
765 1972 842 2005 aut
855 1975 944 2005 non
961 1957 1149 2004 existunt
1168 1995 1179 2013 ,
1198 1971 1273 2004 aut
1292 1960 1400 2004 vitia
1415 1974 1495 2020 per
1507 1958 1549 2005 se
1567 1976 1655 2006 non
1667 1960 1761 2008 sunt
1775 2000 1787 2017 ,
1806 1976 1854 2008 ut
1867 1979 2072 2010 contem-

425 2038 527 2071 tum
545 2020 1120 2082 voluptatis&honorum,
1146 2021 1196 2066 δε
1214 2022 1287 2067 irae
1315 2019 1522 2068 adversus
1553 2021 1757 2070 homines
1785 2027 2072 2072 vacuitatem.

424 2083 544 2134 Non
560 2083 680 2131 reete
698 2099 848 2131 autem
862 2082 1162 2130 universaliter
1179 2082 1370 2145 positum
1389 2083 1480 2128 hoc
1496 2082 1831 2132 fundamentum
1850 2087 1988 2133 velex
2004 2090 2072 2146 ju-

423 2148 542 2197 stitia
553 2160 756 2210 apparet,
773 2146 844 2192 cui
860 2144 1118 2207 oppofitum
1135 2147 1319 2191 nimium
1338 2146 1386 2190 ἅτ
1402 2161 1556 2206 parum
1576 2184 1587 2202 ‚
1614 2163 1716 2194 cum
1732 2148 1773 2193 in
1790 2147 2011 2196 affeetibus
2026 2151 2072 2195 δε

417 2208 709 2274 sequentibus
727 2224 808 2254 eos
823 2207 1072 2254 afflonibus
1084 2207 1280 2255 invenire
1295 2222 1384 2254 non
1412 2207 1554 2268 poffet
1573 2245 1585 2263 ,
1618 2213 1662 2255 in
1681 2208 1809 2256 rebus
1835 2211 1930 2272 ἱρῆς
1959 2214 2075 2258 circa

457 2288 537 2319 uas
570 2271 734 2332 justitia
768 2267 972 2317 versatur
988 2285 1209 2331 utrunque
1238 2268 1431 2332 quaefivit
1450 2285 1463 2316 ε
1494 2270 1619 2331 quod
1654 2270 1792 2334 ipsum
1807 2275 1996 2334 primum
2013 2274 2074 2319 est

461 2333 604 2382 efilite
623 2333 683 2379 de
714 2347 881 2396 genere
907 2333 951 2378 in
968 2348 1107 2396 genus
1125 2331 1315 2379 alterum
1334 2369 1345 2387 ,
1382 2331 1506 2391 quod
1532 2334 1576 2378 in
1610 2333 1705 2380 aliis
1719 2335 1882 2380 merito
1898 2337 2045 2397 culpat
2063 2353 2076 2384 ε

425 2394 597 2443 deinde
609 2396 755 2442 minus
771 2394 850 2442 suo
877 2396 1082 2455 accipere
1101 2432 1112 2450 ‚
1144 2394 1289 2455 potest
1307 2394 1488 2457 quidem
1507 2394 1797 2441 adventitium
1829 2397 1989 2443 habere
2015 2398 2077 2442 vi-

426 2459 543 2506 tium
563 2495 576 2515 ‚
610 2472 669 2503 ex
681 2473 741 2503 eo
761 2456 888 2519 quod
903 2458 1003 2518 quis
1020 2472 1107 2516 pro
1126 2471 1275 2503 rerum
1293 2456 1625 2503 circumstantiis
1641 2456 1716 2502 fibi
1735 2473 1785 2503 ac
1803 2456 1884 2504 suis
1900 2459 2076 2510 debeat.

426 2535 475 2568 at
489 2534 614 2567 certe
628 2536 732 2566 cuin
747 2519 908 2579 justitia
923 2535 1122 2582 pugnare
1132 2534 1222 2564 non
1239 2518 1383 2580 potest
1398 2554 1409 2568 ‚
1440 2534 1531 2581 quae
1546 2533 1645 2564 tota
1658 2520 1699 2564 in
1717 2519 1841 2564 alieni
1860 2520 2077 2566 abstinen-

426 2585 492 2631 tia
508 2581 652 2646 pofita
669 2580 746 2627 est.
782 2580 873 2628 Cui
886 2581 1221 2627 hallucinationi
1239 2581 1387 2626 similis
1404 2580 1478 2625 illa
1500 2580 1581 2636 est,
1601 2580 1719 2642 quod
1737 2580 2000 2628 adulterium
2021 2599 2078 2631 ex

427 2644 616 2695 libidine
636 2682 647 2701 ,
677 2643 847 2690 caedem
872 2658 930 2689 ex
957 2644 1024 2688 ira
1041 2645 1224 2705 proprie
1254 2642 1311 2688 ad
1342 2641 1594 2702 injustitiam
1621 2643 1838 2705 pertinere
1856 2660 1945 2690 non
1962 2646 2075 2702 vult,

427 2723 537 2758 cum
554 2720 706 2753 tamen
722 2705 929 2765 injustitia
951 2720 1042 2750 non
1058 2704 1188 2749 aliam
1208 2718 1410 2750 naturam
1429 2704 1594 2750 habeat
1611 2721 1742 2766 quam
1760 2707 1889 2752 alieni
1908 2705 2084 2768 usurpa-

429 2773 623 2823 tionem,
644 2783 724 2815 nee
741 2766 924 2823 referat,
943 2782 1000 2813 ex
1020 2767 1204 2812 avaritia
1219 2766 1295 2812 illa
1317 2804 1328 2822 ,
1348 2783 1402 2812 an
1416 2781 1474 2813 ex
1491 2765 1684 2816 libidine,
1703 2783 1756 2813 an
1773 2785 1829 2814 ex
1846 2770 1910 2814 ira
1926 2807 1936 2818 ,
1956 2786 2009 2814 an
2026 2785 2082 2816 ex

429 2834 497 2882 im
531 2830 724 2878 rudente
751 2828 1064 2877 misericordia
1084 2829 1322 2890 proveniat
1339 2848 1352 2882 ς
1385 2845 1439 2874 an
1473 2844 1531 2873 ex
1560 2829 1801 2889 cupiditate
1818 2831 2080 2887 excellendi,

431 2847 554 2942 unge
587 2895 793 2940 maximae
823 2892 985 2950 injuriae
998 2891 1113 2936 nasci
1138 2889 1296 2937 solent.
1335 2888 1458 2936 Nam
1476 2891 2086 2953 qualiacunqueincitamenta

434 2970 732 3005 contemnere
749 2954 832 3004 hae
845 2968 1024 2999 tantum
1038 2953 1095 2998 de
1107 2952 1248 3006 causa,
1271 2967 1325 2998 ne
1343 2951 1525 2998 societas
1538 2956 1725 2999 humana
1741 2954 1931 3000 violetur
1951 2994 1962 3010 ,
1995 2957 2086 3000 hoc

431 3033 548 3068 vero
563 3016 732 3077 justitiae
749 3017 983 3080 proprium
1001 3014 1075 3064 est.
1094 3012 1154 3060 Vt
1171 3013 1353 3060 redeam
1371 3014 1488 3060 unde
1508 3031 1889 3066 vmerammerum
1905 3017 2086 3077 quidem

433 3081 498 3133 est
512 3079 758 3127 virtutibus
775 3077 996 3125 nonnullis
1009 3077 1209 3123 accidere
1227 3091 1274 3121 ut
1288 3076 1463 3122 affectus
1481 3077 1785 3128 moderentur,
1801 3078 1869 3123 sed
1891 3081 1977 3123 hoc
1994 3095 2083 3125 non

432 3143 546 3193 ideo
578 3143 702 3205 quod
719 3141 763 3188 id
787 3141 838 3189 fit
857 3141 1011 3188 virtuti
1029 3141 1151 3185 omni
1167 3140 1399 3200 proprium
1417 3151 1553 3199 atque
1566 3155 1827 3201 perpetuum
1850 3179 1860 3197 ,
1898 3139 1971 3186 sed
1986 3144 2088 3201 quia

438 3205 561 3255 resta
575 3207 710 3261 ratio,
727 3220 857 3266 quam
875 3204 1014 3250 virtus
1032 3201 1194 3263 ubique
1212 3199 1419 3260 sequitur,
1439 3199 1524 3246 *in
1542 3200 1799 3262 quibusdam
1821 3203 2008 3249 modum
2025 3202 2089 3248 se-

438 3267 673 3331 quendum
687 3266 889 3320 &stanin
908 3263 1167 3327 quibusdam
1184 3263 1240 3308 ad
1254 3263 1422 3310 summa
1439 3264 1607 3311 incitat:
1621 3280 1721 3310 nain
1739 3264 1887 3310 Deum
1902 3267 2088 3310 nimium

441 3329 596 3379 colere
623 3344 716 3380 non
742 3327 970 3393 possumus
991 3343 1004 3378 ;
1032 3325 1279 3390 superstitio
1297 3327 1416 3379 enim
1442 3341 1533 3376 non
1550 3341 1606 3373 eo
1624 3342 1781 3391 Reccat
1797 3327 1922 3389 quod
1936 3328 2090 3397 Deum

1908 3405 2091 3436 nimium
