2380 3917
368 372 439 417 554
766 353 1625 401 onrvnsnnttt

144 628 310 663 Libum.

158 1316 328 1352 Lib-111·

163 1612 274 1650 Herod.
293 1618 325 1647 1.

164 1733 256 1767 nuc.
272 1739 304 1767 1.

168 1993 235 2028 Lib.
252 2000 335 2027 xvh

173 2173 265 2207 Libro

175 2228 289 2255 xxix.
300 2217 347 2253 xl.

186 2552 226 2586 Ι..
237 2554 358 2594 sacieta-

190 2610 266 2631 rem.
285 2605 330 2634 D.
348 2609 400 2645 pro

185 2651 269 2689 secto,

195 2793 233 2825 Si
245 2792 385 2833 librum,

200 2843 231 2873 D
248 2842 285 2872 de
301 2841 403 2885 ophis.

372 448 488 478 rium
505 441 658 496 regem
671 418 822 489 Cyrus
836 419 1112 493 provocavit
1131 455 1142 473 ,
1176 416 1225 461 &
1239 414 1361 480 apud
1378 414 1653 484 Dionysium
1685 413 2042 462 Halicarnassen-

376 494 465 540 scm
487 492 659 536 Metius
675 500 735 532 ait
754 525 763 542 ‚
784 503 872 532 non
892 486 1095 546 iniquum
1110 478 1234 526 fuisse
1259 482 1284 508 *
1321 491 1372 524 ut
1405 478 1483 540 ipsi
1513 478 1736 540 principes
1764 476 2042 540 populorum

375 556 508 600 armis
531 567 626 598 rein
646 555 759 594 inter
776 551 818 594 se
835 541 1184 607 disceptarentssi
1200 539 1259 586 de
1276 541 1473 602 ipsorum
1490 554 1580 585 non
1590 537 1649 585 de
1664 539 1939 602 populorum
1958 555 2042 600 po·

376 618 516 665 tentia
534 629 607 658 aut
624 611 845 670 dignitate
861 604 1172 655 controversia
1184 601 1350 649 fuiffet.
1383 601 1458 649 Sic
1492 606 1523 637 *
1556 600 1824 648 Heraclium
1840 601 2038 665 Impera-

379 695 529 726 torem
549 691 651 720 cum
667 672 855 720 Cosroae
871 672 967 719 filio
1000 667 1234 715 Persarum
1248 667 1366 731 regis
1384 702 1396 722 ‚
1425 662 1635 729 pugnasse
1662 663 1869 729 singulari
1899 679 2041 710 certa-

378 744 496 790 mine
515 738 720 797 legimus.

441 803 488 849 X
503 801 541 847 L
558 790 574 845 l
589 800 649 848 V.
686 795 914 843 Caeterum
931 795 1005 855 qui
1021 791 1076 839 fic
1088 792 1132 837 in
1182 788 1285 837 raelii
1302 789 1477 835 exitum
1494 789 1743 850 conjiciunt
1773 800 2046 833 controver-

383 866 505 920 siam,
525 860 600 909 fibi
621 860 804 920 quidem
820 859 890 916 jus
906 856 934 901 fi
954 855 1081 917 quod
1099 854 1155 899 ha
1190 867 1266 898 ent
1283 852 1486 898 adimere
1506 851 1682 915 potsunt
1710 887 1724 906 ‚
1743 865 1834 896 non
1851 849 1898 894 δέ
1916 849 2047 894 alteri

385 930 461 995 qui
479 941 568 972 non
585 924 719 969 habet
741 922 874 971 dare,
908 919 953 964 in
971 919 1057 965 illis
1089 915 1281 978 quidem
1329 914 1478 977 regnis
1496 929 1591 976 quae
1610 915 1655 960 in
1665 911 1941 976 patrimonio
1957 926 2050 957 non

385 995 496 1036 lunt.
532 987 686 1048 ltaque
697 998 747 1029 ut
767 983 910 1029 valeat
925 981 1072 1043 pactio
1099 982 1147 1024 &
1165 977 1319 1040 populi
1339 978 1387 1022 &
1418 975 1448 1022 si
1466 979 1542 1038 qui
1562 978 1654 1037 jam
1671 975 1762 1023 nati
1794 976 1864 1034 jus
1878 971 1937 1018 ad
1953 973 2050 1020 suc-

385 1050 629 1098 ceffionem
643 1046 810 1093 habent
823 1043 1078 1092 consensum
1093 1042 1263 1088 necesse
1297 1038 1357 1087 est
1371 1038 1588 1086 accedere
1606 1040 1678 1088 :in
1698 1037 1847 1085 feudis
1870 1051 1965 1081 non
1997 1035 2052 1081 li-

385 1115 502 1160 beris
520 1116 659 1157 etiam
677 1109 855 1156 domini
878 1107 968 1153 sive
987 1104 1189 1152 senioris.

455 1175 502 1221 X
522 1174 560 1220 L
577 1173 630 1220 V.
668 1171 793 1233 Saepe
821 1172 866 1218 in
900 1169 1068 1216 talibus
1096 1165 1258 1230 praeliis
1276 1164 1410 1227 quaeri
1439 1162 1556 1211 solet
1591 1176 1691 1210 uter
1707 1177 1794 1226 pro
1816 1159 1988 1208 vietore
2003 1156 2055 1204 fit

387 1236 635 1285 habendus.
670 1234 787 1282 Visti
808 1250 898 1281 non
915 1232 1090 1296 possunt
1124 1228 1271 1276 videri
1298 1226 1375 1273 nifi
1393 1228 1468 1289 qui
1482 1241 1558 1274 aut
1570 1241 1729 1274 omnes
1741 1223 2055 1272 occubuerunt

393 1316 468 1347 aut
489 1301 532 1344 in
553 1297 710 1362 fugam
730 1296 823 1343 dati
847 1295 960 1343 sunt.
996 1293 1072 1341 Sic
1104 1296 1128 1323 *
1165 1293 1211 1338 in
1224 1291 1330 1339 fines
1362 1288 1409 1337 se
1438 1306 1514 1338 aut
1531 1306 1593 1353 op
1626 1289 1702 1336 ida
1720 1289 1920 1350 recipere
1936 1303 1961 1331 a
1992 1284 2057 1332 ud

395 1363 579 1412 Livium
597 1361 697 1407 vicii
717 1359 744 1405 fi
780 1376 850 1405 na.
871 1357 1006 1420 Apud
1026 1371 1114 1403 tres
1130 1353 1304 1401 nobiles
1319 1352 1559 1400 historicos
1575 1306 1875 1399 [Serodotum
1895 1387 1907 1405 ,
1927 1301 2038 1396 'Iflm

394 1424 608 1486 cydidem
629 1460 640 1474 ,
679 1375 923 1482 Poffybium
957 1434 1047 1466 tres
1077 1431 1395 1479 proponuntur
1418 1416 1478 1463 de
1506 1414 1695 1463 vietoria
1727 1410 2057 1464 controversiae,

395 1501 592 1550 quorum
610 1487 805 1549 primum
824 1484 882 1529 ad
899 1481 1157 1529 condietum
1171 1494 1400 1526 certamen
1442 1479 1651 1541 pertinet.
1684 1475 1777 1523 Sed
1793 1475 1923 1536 siquis
1940 1472 2062 1520 τεᾶθ

399 1549 608 1595 advertat
626 1585 636 1602 ,
659 1549 856 1594 inveniet
877 1544 1087 1591 omnibus
1101 1543 1186 1588 illis
1202 1543 1357 1604 praeliis
1376 1540 1462 1587 fine
1479 1556 1583 1589 vera
1610 1539 1798 1587 vietoria
1814 1535 2063 1583 discessum.

400 1610 526 1659 Nam
547 1611 705 1673 Argivi
722 1626 813 1656 non
832 1607 975 1671 fugati
994 1606 1050 1653 ab
1063 1604 1310 1665 Othryade
1335 1601 1410 1649 sed
1427 1603 1561 1650 noste
1586 1600 1923 1665 superveniente
1937 1597 2065 1646 abie-

401 1687 516 1729 rant,
537 1673 731 1719 victores
749 1672 792 1718 se
818 1672 898 1717 rati
916 1669 1024 1716 &id
1045 1667 1127 1715 suis
1142 1666 1448 1713 renuntiaturi.
1464 1664 1630 1728 Neque
1647 1663 1920 1713 Corinthios
1933 1660 2066 1725 fuga-

398 1751 554 1784 verant
575 1733 824 1796 Corcyraei‚
845 1731 920 1779 sed
940 1730 1169 1779 Corinthii
1183 1745 1287 1777 cum
1308 1727 1518 1776 foeliciter
1533 1727 1808 1795 pugnassent,
1821 1724 2067 1772 Athenien-

400 1798 509 1845 fium
529 1797 701 1844 classem
740 1795 935 1844 validam
952 1794 1195 1856 conspicati
1226 1792 1352 1839 nullo
1383 1807 1490 1839 cum
1528 1789 1872 1839 Atheniensibus
1898 1788 2067 1834 virium

401 1860 602 1924 periculo
622 1859 743 1906 facio
756 1858 908 1905 ceffim
930 1858 1094 1904 ierant.
1131 1856 1360 1917 Philippus
1374 1870 1487 1902 vero
1503 1854 1709 1902 Macedo
1726 1851 1862 1900 Attali
1910 1849 2068 1896 uidem

403 1939 566 1969 navem
587 1926 612 1968 a
630 1923 712 1968 suis
724 1921 947 1968 desertam
962 1934 1143 1982 ceperat
1158 1957 1169 1975 ‚
1185 1933 1231 1964 at
1244 1916 1420 1965 claffem
1438 1917 1548 1964 nihil
1563 1920 1715 1965 minus
1731 1930 1865 1978 quam
1899 1925 2065 1976 agave·

405 2001 474 2031 rat
495 2001 506 2031 1
526 1985 680 2046 Itaque
697 2000 746 2030 ut
767 1983 983 2046 Polybius
993 1994 1123 2029 notat
1138 1982 1282 2045 magis
1299 1995 1384 2042 pro
1405 1980 1579 2028 vidore
1591 1979 1634 2028 se
1644 1977 1834 2043 gerebat
1848 1991 1984 2039 quam
2000 1974 2070 2021 vi-

404 2047 577 2093 &orem
596 2047 636 2094 se
655 2047 890 2094 sentiebat.
923 2046 1004 2093 Illa
1024 2059 1151 2099 vero,
1174 2043 1314 2106 spolia
1327 2042 1494 2107 legere,
1530 2048 1556 2077 ²¹¹
1592 2042 1819 2090 cadavera
1845 2037 1902 2085 ad
1919 2036 2072 2100 sepul-

405 2124 550 2156 turam
567 2110 816 2158 concedere
832 2147 843 2165 ,
868 2109 1019 2173 praelio
1038 2108 1208 2153 iterum
1227 2104 1437 2152 lacessere
1455 2146 1466 2164 ,
1502 2124 1597 2170 quae
1616 2106 1664 2151 δε
1681 2101 1813 2151 dietis
1828 2102 1943 2149 locis
1957 2102 2005 2146 δε
2021 2115 2072 2146 a-

405 2173 498 2235 pud
533 2171 716 2219 Livium
734 2173 972 2235 aliquoties
990 2170 1185 2233 reperias
1204 2184 1251 2215 ut
1270 2167 1393 2231 signa
1407 2172 1514 2231 poni
1533 2167 1730 2216 vic‘lcoriae
1747 2203 1759 2222 ‚
1793 2180 1874 2230 per
1900 2163 1945 2210 se
1963 2161 2072 2209 nihil

407 2234 616 2297 probant,
634 2235 709 2281 nisi
722 2249 936 2297 quatenus
951 2249 1053 2280 cum
1067 2231 1162 2277 aliis
1177 2230 1352 2277 indiciis
1369 2233 1520 2279 valent
1530 2231 1588 2278 ad
1606 2227 1862 2277 docendam
1878 2225 2072 2272 hostium

406 2298 579 2360 fugam.
614 2298 674 2343 Et
691 2312 814 2343 certe
845 2298 919 2357 qui
935 2296 1043 2341 loco
1058 2292 1186 2341 cessit
1201 2296 1248 2339 in
1266 2292 1408 2339 dubio
1427 2296 1571 2360 magis
1588 2291 1652 2339 est
1675 2307 1727 2338 ut
1743 2288 1901 2354 fugisse
1915 2287 2072 2334 creda-

407 2375 493 2408 tur.
531 2359 590 2406 At
607 2359 684 2406 ubi
701 2359 895 2405 vietoriae
929 2359 1056 2404 firma
1073 2369 1337 2419 argumenta
1362 2372 1455 2405 non
1471 2357 1570 2405 sunt
1592 2394 1603 2412 ‚
1623 2370 1695 2402 res
1711 2365 1862 2400 manet
1877 2366 1935 2397 eo
1962 2350 2073 2397 loco

410 2437 500 2484 quo
522 2437 620 2467 ante
633 2423 831 2484 praelium
847 2419 932 2466 fuit
955 2421 1030 2468 2&
1046 2433 1121 2465 aut
1138 2418 1195 2465 ad
1219 2417 1405 2476 bellum,
1425 2435 1504 2469 aut
1519 2419 1579 2468 ad
1597 2431 1740 2467 novas
1758 2415 1987 2480 pactiones
1999 2429 2074 2460 ve-

414 2483 626 2530 mendum
640 2484 713 2528 est.

482 2545 530 2590 X
548 2545 588 2590 L
604 2544 644 2591 V
663 2546 695 2590 l.
734 2543 1027 2590 Arbitrorum
1041 2541 1256 2589 Proculus
1272 2558 1355 2590 nos
1372 2543 1512 2591 docet
1527 2543 1623 2591 duo
1640 2543 1726 2592 esse
1741 2555 1921 2607 genera,
1936 2552 2076 2586 unum

422 2606 642 2666 ejusmodi
658 2621 705 2652 ut
724 2606 810 2653 sive
826 2622 998 2668 aequum
1016 2604 1104 2651 five
1119 2605 1315 2667 iniquum
1333 2608 1489 2668 parere
1500 2606 1764 2661 debeamus,
1780 2602 1904 2666 quod
1922 2600 2078 2648 obser-

428 2684 575 2723 vatur,
593 2670 666 2716 ait,
684 2684 784 2714 cum
806 2684 863 2714 ex
875 2684 982 2715 com
1018 2665 1201 2712 romiffo
1220 2667 1276 2712 ad
1295 2667 1512 2715 arbitrum
1529 2670 1644 2715 itum
1660 2669 1740 2727 est;
1754 2668 1945 2714 alterum
1958 2660 2079 2723 ejus-

429 2730 555 2776 modi
570 2745 617 2776 ut
637 2731 691 2775 ad
708 2730 813 2776 boni
834 2731 914 2777 viri
932 2745 980 2775 ar
1018 2730 1171 2775 itrium
1189 2729 1330 2792 redigi
1359 2730 1526 2777 debeat
1545 2769 1557 2788 ,
1588 2734 1714 2792 cujus
1729 2728 1904 2794 generis
1920 2741 2080 2773 exem-

433 2794 552 2855 plum
568 2793 782 2839 habemus
795 2795 837 2838 in
854 2791 971 2839 Celsi
987 2789 1223 2853 responso:
1240 2798 1275 2835 Si
1290 2795 1455 2851 libertus,
1472 2795 1632 2856 inquit,
1651 2801 1710 2840 ita
1719 2796 1918 2853 jura-verit
1935 2793 2028 2834 dare
2031 2790 2080 2846 se

434 2874 523 2916 quot
540 2872 664 2916 operas
690 2871 869 2915 patronua
894 2858 1110 2900 arbitratus
1125 2853 1168 2903 fit
1182 2888 1192 2903 ‚
1212 2873 1284 2901 non
1297 2857 1412 2900 aliter
1443 2874 1577 2902 ratum
1595 2861 1675 2917 fhre
1693 2858 1904 2900 arbitrium
1927 2853 2081 2911 patroni

459 2936 547 2961 uam
557 2919 594 2976 fi
608 2937 746 2978 aquam
779 2921 992 2962 arbitratus
1004 2916 1070 2974 lit.
1106 2911 1197 2960 Sed
1222 2916 1311 2962 haec
1327 2914 1617 2977 jurisjurandi
1642 2913 1958 2980 interpretatio
1977 2951 1988 2969 ‚
2026 2924 2080 2956 ut

430 2938 650 3026 izomanis
669 2977 837 3041 legibus
854 2978 999 3024 induci
1016 2978 1187 3038 potuit,
1205 2976 1264 3024 ita
1281 2978 1526 3027 verborum
1544 2979 1813 3043 fimplicitati
1831 2991 1910 3040 per
1924 2974 1967 3022 se
1984 2974 2084 3036 spe-

431 3043 552 3086 ctatae
570 3057 659 3085 non
672 3042 892 3086 convenit.
930 3039 1043 3086 Illud
1062 3053 1213 3084 tamen
1233 3055 1391 3086 verum
1418 3058 1569 3090 manet
1597 3043 1772 3089 utrovis
1789 3040 1937 3087 modo
1961 3038 2083 3085 arbi-

432 3119 551 3150 trum
565 3101 671 3147 sumi
691 3102 825 3164 posse,
845 3117 917 3147 aut
932 3117 980 3148 nt
997 3102 1337 3147 conciliatorem
1349 3117 1537 3160 tantum,
1551 3105 1701 3168 quales
1718 3101 2006 3151 Athenienses
2016 3101 2085 3145 in·

433 3182 501 3210 ter
516 3165 783 3211 Rhodios&
806 3165 1089 3209 Demetrium
1108 3162 1230 3208 fuiss'c
1250 3164 1434 3227 legimus
1452 3202 1463 3217 ,
1478 3182 1555 3214 aut
1570 3183 1619 3215 ut
1635 3169 1762 3225 cujus
1788 3165 1912 3212 dieto
1927 3177 2085 3224 paren-

438 3229 546 3274 dum
560 3231 745 3272 omnino
761 3227 827 3272 sit.
846 3227 898 3271 Et
918 3228 1003 3271 hoc
1021 3225 1082 3270 est
1106 3241 1244 3287 genus
1262 3227 1320 3271 de
1336 3243 1425 3287 quo
1439 3245 1522 3274 nos
1541 3230 1614 3277 hic
1631 3231 1833 3292 agimus,
1851 3229 1900 3273 &
1918 3225 1977 3271 de
1991 3238 2086 3286 quo

436 3290 639 3337 nonnulla
660 3289 781 3351 supra
802 3288 996 3334 diximus
1026 3304 1130 3332 cum
1162 3286 1220 3331 de
1236 3289 1423 3335 cavendi
1450 3291 1555 3338 belli
1589 3290 1844 3339 rationibus
1876 3290 2088 3349 loquere·

435 3370 551 3401 mur.
591 3358 857 3414 Qanquam
883 3367 996 3397 vcro
1017 3353 1156 3398 ctiam
1181 3349 1241 3396 de
1267 3350 1429 3400 talibus
1447 3354 1628 3403 arbitris
1656 3355 1700 3401 in
1732 3369 1850 3415 quos
1872 3363 2089 3409 compro·

1910 3411 2086 3461 missum
