2380 3917
115 435 198 472 Gen.
221 442 327 472 xvix.

112 493 135 523 2
144 491 177 529 3,
196 482 309 530 &seq-

101 1323 128 1357 1²
139 1330 236 1365 rocop.
255 1329 270 1358 1

106 1370 220 1407 emh.

109 1933 180 1969 bb.
195 1940 328 1978 net-30·

106 1978 221 2031 aeoff.

106 2246 184 2280 can.
194 2246 227 2278 in
242 2255 271 2277 e.

107 2296 163 2327 Ita
173 2303 311 2338 quorun-

105 2340 204 2372 dam:
225 2338 264 2371 &-
279 2350 307 2370 c.

106 2386 297 2420 adltbenm-

106 2433 207 2466 dam:
224 2433 264 2465 de

106 2480 236 2515 ludais:

107 2558 195 2593 Silo.
212 2562 247 2594 in

108 2606 298 2653 verberefli-

108 2656 244 2699 ῖωὼῬ·
261 2664 296 2702 3·

105 2720 144 2752 5.
158 2708 216 2737 ¹2·

348 313 422 363 426
722 316 1562 363 nt-:tvniznizttt

348 380 573 428 niffimum
591 378 701 427 illud
720 381 911 428 dominii
930 384 998 442 jus
1014 384 1141 446 quod
1156 384 1230 431 ille
1248 387 1294 432 in
1311 400 1396 432 nos
1414 382 1554 430 habet
1568 421 1580 439 ‚
1597 380 1733 431 nobis
1749 398 1863 433 vero
1881 385 2014 438 alteri

348 444 390 488 in
409 445 600 491 alterum
619 460 708 490 non
722 445 1005 501 conceffit‚ut
1023 447 1126 493 alibi
1143 449 1420 494 notavimus.
1438 445 1496 492 Et
1513 460 1665 492 tamen
1683 446 1756 493 ille
1769 448 1858 509 ipse
1873 449 2020 508 Deus,

349 507 585 552 hominum
619 506 696 553 suo
725 510 822 567 jure
855 508 1067 555 dominus
1083 548 1093 566 ‚
1110 509 1173 556 ob
1206 508 1495 572 pauciffimos
1511 507 1662 555 bonos
1699 525 1888 572 parcere
1904 513 2021 560 lolet

351 570 557 631 quamvis
572 585 742 632 magnas
759 570 982 617 malorum
1006 572 1300 628 universitati,
1318 573 1366 616 &
1379 586 1436 616 eo
1455 569 1592 626 suam,
1645 587 1699 617 ua
1714 572 1854 630 judex
1870 574 1947 630 est,
1968 591 2020 623 ae·

346 635 568 694 quitatem
583 632 787 678 testatam
805 632 928 689 facit,
948 650 997 679 ut
1017 634 1169 681 Abrah
1178 637 1267 681 ami
1282 649 1386 680 cum
1405 633 1512 680 Deo
1545 634 1620 679 col
1640 635 1828 694 oquium
1857 638 1917 682 de
1936 635 2021 683 So-

349 697 502 741 domis
516 708 669 758 aperte
689 711 772 742 nos
788 694 944 741 docet.
978 697 1036 743 Et
1062 714 1120 743 ex
1143 697 1211 742 his
1246 695 1428 758 quidem
1444 694 1729 759 generalibus
1742 700 1909 762 regulis
1939 714 2022 748 co-

343 756 500 822 gnosci
513 756 660 818 potest
674 772 888 820 quantum
907 759 952 803 in
968 759 1141 805 hostem
1154 758 1289 804 liceat
1304 758 1576 804 naturaliter.

415 819 472 867 V.
508 818 599 867 Sed
618 820 666 864 δε
684 819 863 882 quaestio
883 821 1079 868 incidere
1098 821 1211 868 solet
1229 820 1336 882 quid
1355 821 1489 867 liceat
1508 819 1551 864 in
1569 834 1650 866 eos
1668 821 1744 882 qui
1761 822 1911 870 hostes
1926 839 2017 871 non

344 879 460 937 sunt,
479 897 553 929 aut
563 882 654 928 dici
671 883 845 939 nolunt,
867 882 943 929 sed
959 883 1160 931 hostibus
1178 900 1248 930 res
1266 883 1434 945 aliquas
1451 879 1798 931 subministrant.
1827 885 1953 934 Nam
1968 888 2018 933 &

343 943 460 990 olim
481 947 529 991 &
542 960 681 1005 nuper
699 945 757 991 de
773 961 826 991 ea
843 961 891 992 re
911 947 1074 993 acriter
1089 960 1315 993 certatum
1328 946 1486 992 scimus
1505 982 1517 1001 ,
1549 960 1656 991 cum
1674 945 1748 992 alii
1765 946 1870 995 belli
1888 950 1925 995 ri
1961 965 2019 996 o-

342 1022 467 1063 rem,
485 1007 558 1054 alii
574 1010 961 1056 commerciorum
994 1008 1252 1057 libertatem
1286 1007 1596 1055 defenderent.
1634 1007 1840 1056 Primum
1866 1009 1929 1058 dii
1954 1013 2018 1058 'n-

378 1071 574 1118 uendum
593 1071 710 1118 inter
726 1087 796 1118 res
812 1072 938 1135 ipsas.
979 1071 1092 1120 Sunt
1109 1074 1228 1119 enim
1242 1088 1337 1135 quae
1359 1073 1404 1118 in
1429 1069 1554 1118 bello
1583 1085 1760 1118 tantum
1790 1070 1917 1119 usum
1935 1074 2018 1122 ha-

341 1086 467 1189 bent,
487 1147 536 1179 ut
548 1149 675 1180 arma
692 1150 704 1182 :
720 1133 818 1182 sunt
830 1151 924 1198 quae
939 1135 985 1182 in
996 1135 1119 1182 bello
1137 1134 1306 1181 nullum
1324 1134 1491 1180 habent
1504 1132 1630 1180 usum
1650 1170 1662 1189 ,
1701 1148 1750 1182 ut
1763 1150 1858 1197 quae
1878 1136 2007 1183 volu-

343 1199 454 1259 ptati
472 1194 713 1244 inserviunt
732 1213 743 1246 ε
777 1196 874 1245 sunt
890 1215 984 1260 quoe
1004 1199 1111 1246 &in
1124 1197 1246 1244 bello
1263 1199 1311 1243 δε
1327 1211 1456 1244 extra
1473 1196 1642 1243 bellum
1670 1196 1795 1244 usum
1824 1197 2013 1256 habent,

342 1275 391 1306 ut
404 1260 613 1322 pecuniae,
631 1275 931 1317 commeatus,
978 1265 1002 1292 *
1039 1276 1197 1316 naves,
1218 1261 1266 1306 δι’
1278 1275 1371 1323 quae
1387 1258 1576 1306 navibus
1589 1256 1760 1306 adsunt.
1792 1257 1845 1308 In
1861 1262 2014 1324 primo

345 1336 508 1384 genere
528 1337 683 1368 verum
700 1322 759 1369 est
775 1321 944 1370 dietum
962 1323 1303 1371 Amalasuintha:
1333 1322 1392 1369 ad
1410 1321 1695 1369 lastinianum
1715 1360 1727 1378 ‚
1757 1323 1802 1369 in
1818 1322 2015 1371 hostium

342 1384 430 1431 effe
447 1382 648 1447 partibus
665 1386 739 1447 qui
755 1386 813 1432 ad
831 1385 999 1433 bellum
1015 1385 1252 1435 neceffaria
1286 1385 1401 1432 hosti
1422 1381 1718 1431 administrat.
1751 1382 2012 1434 Secundum

341 1463 482 1513 genus
500 1448 726 1507 querelam
745 1464 834 1494 non
853 1449 1000 1495 habet.
1030 1448 1104 1496 Sic
1135 1447 1307 1496 Seneca
1340 1462 1532 1510 tyranno
1557 1448 1751 1494 oratiam
1774 1445 1816 1494 se
1846 1448 2014 1497 relatu-

339 1526 441 1557 rum
457 1511 535 1565 ait,
573 1514 603 1543 *
636 1510 666 1556 si
684 1509 952 1558 beneficium
965 1511 1028 1558 illi
1045 1527 1188 1575 neque
1208 1512 1323 1558 vires
1336 1512 1534 1571 majores
1549 1485 1760 1557 daturum
1774 1510 1834 1557 est
1845 1510 1903 1558 ad
1914 1513 2014 1558 exi-

339 1575 454 1619 tium
467 1589 728 1630 commune,
743 1589 888 1637 neque
902 1575 1275 1622 confirmaturum
1289 1590 1398 1637 quas
1411 1572 1562 1624 habet,
1579 1571 1626 1620 id
1641 1587 1792 1619 autem
1807 1573 1867 1619 est
1883 1574 2013 1637 quod.

340 1635 474 1683 reddi
490 1637 551 1682 illi
565 1636 652 1683 sine
664 1638 854 1698 pernitie
872 1638 1049 1701 publica
1060 1637 1196 1700 poffit
1212 1653 1223 1684 :
1261 1636 1388 1699 quod
1402 1635 1627 1699 explicans
1645 1633 1797 1683 addit:
1811 1643 2015 1697 pecuniam

341 1702 810 1762 quaefinellitemllipendio
826 1717 964 1750 teneat,
979 1721 1054 1747 non
1058 1702 1355 1759 submimstrabo
1369 1718 1384 1757 3
1389 1701 1428 1760 fi
1433 1718 1629 1746 marmora
1668 1701 1720 1754 ὠ·
1745 1701 1862 1755 vestes
1874 1700 2013 1760 defide-

345 1765 463 1810 7abit‚
478 1765 580 1807 nihil
590 1767 708 1808 oberit
724 1770 900 1826 cuiqtmm
912 1768 956 1808 id
975 1781 1045 1825 quo
1057 1766 1213 1809 luxuria
1227 1780 1301 1819 ejus
1312 1766 1537 1820 instruitur:
1563 1763 1724 1807 militem
1745 1762 1796 1816 (ἓν
1806 1779 1921 1806 arma
1935 1779 2011 1808 non

335 1828 411 1884 fitg
412 1842 559 1884 geram.
577 1831 613 1868 Si
620 1838 687 1884 pro
697 1840 943 1886 magnopetet
960 1844 1114 1870 munere
1125 1826 1411 1883 arttficesscenae
1424 1826 1475 1879 &
1487 1842 1563 1885 qua
1568 1828 1770 1886 feritatem
1796 1842 1871 1882 ejus
1901 1828 2012 1870 emol-

346 1889 458 1940 liant,
473 1889 588 1932 libens
599 1889 771 1945 offeram.
785 1894 859 1933 Cus'
878 1894 1046 1933 triremes
1060 1889 1111 1942 ώ-
1122 1902 1254 1931 aratus
1265 1905 1338 1931 non
1351 1890 1554 1934 mitterem,
1572 1888 1736 1944 lufivriasi
1753 1886 1804 1939 ό·
1819 1890 2008 1932 cubicula-

347 1961 420 1995 tas,
437 1950 488 2003 &
499 1951 577 1992 alia
591 1951 757 1994 ludibria
768 1966 899 2009 regum
922 1955 961 1995 in
988 1955 1089 1993 mari
1120 1950 1406 2007 lascivientium
1416 1953 1586 1992 mittam.
1602 1946 1660 1992 Et
1676 1945 1920 1994 Ambrofio
1933 1950 2006 2010 ju-

345 2008 448 2055 dice
484 2009 635 2074 largiri
668 2012 709 2057 ei
744 2013 820 2071 qui
854 2009 1076 2072 conspiret
1102 2009 1312 2056 adversus
1345 2010 1536 2073 patriam
1569 2024 1662 2056 non
1696 2007 1758 2055 est
1789 2011 2009 2071 probabi·

343 2071 397 2117 lis
432 2071 683 2119 liberalitas.
720 2073 771 2120 In
802 2074 942 2120 tertio
972 2070 1053 2118 illo
1087 2087 1251 2137 genere
1279 2072 1378 2119 usus
1403 2073 1603 2134 ancipitis
1622 2110 1633 2128 ,
1669 2070 2006 2137 distinguendus

340 2134 426 2180 erit
442 2134 548 2181 belli
578 2135 730 2184 status.
761 2135 892 2183 Nam
919 2134 949 2182 si
977 2138 1091 2181 tueri
1126 2149 1199 2180 me
1227 2150 1318 2180 non
1346 2134 1518 2197 possum
1543 2133 1620 2181 nisi
1652 2151 1743 2197 quae
1765 2138 2008 2185 mittuntur

340 2198 625 2260 intercipiam
645 2238 656 2255 ,
690 2198 951 2253 neceffitaS,
989 2212 1039 2243 ut
1057 2195 1162 2244 alibi
1193 2196 1506 2259 exposuimus,
1533 2199 1599 2256 jus
1624 2196 1752 2245 dabit
1770 2235 1782 2254 ,
1818 2199 1897 2247 sed
1921 2199 2004 2248 sub

342 2275 481 2306 onere
516 2260 808 2308 restitutionis
841 2284 852 2317 ⁴,
889 2260 964 2306 nisi
999 2258 1125 2306 causa
1158 2260 1241 2306 alia
1275 2258 1477 2306 accedat.
1515 2258 1656 2323 Qod
1689 2260 1720 2307 fi
1750 2263 1858 2322 juris
1905 2264 2000 2309 mei

341 2321 680 2370 exsecutionem
705 2340 854 2372 rerum
884 2322 1112 2370 subveffio
1152 2322 1413 2384 impedierit
1444 2362 1455 2378 ‚
1495 2323 1630 2385 idque
1658 2321 1766 2370 scire
1799 2327 2003 2386 potuerit

345 2388 423 2448 qui
455 2386 665 2443 advexit,
701 2402 750 2435 ut
767 2386 798 2434 fi
815 2385 1038 2449 oppidum
1064 2383 1528 2442 obsessumtenebam‚
1561 2386 1590 2432 fi
1619 2401 1778 2450 portus
1805 2388 1999 2445 clausos,

343 2452 391 2495 δέ
407 2450 497 2507 jam
511 2448 688 2497 deditio
705 2464 782 2497 aut
797 2466 887 2512 pax
901 2447 1238 2512 exspectabatur
1251 2485 1262 2504 ,
1281 2447 1504 2495 tenebitur
1519 2448 1592 2496 ille
1620 2450 1731 2496 mihi
1747 2449 1808 2496 de
1822 2450 2000 2498 damno

343 2513 475 2575 culpa
501 2512 613 2560 dato
633 2552 644 2569 ,
680 2527 731 2561 ut
757 2514 832 2575 qui
867 2511 1127 2558 debitorem
1152 2512 1324 2558 carceri
1338 2513 1535 2566 exemit,
1564 2525 1640 2560 aut
1670 2511 1827 2577 fugam
1843 2516 1937 2576 ejus
1949 2515 1998 2563 in

342 2590 490 2622 meam
503 2575 712 2622 fraudem
742 2576 944 2623 instruxit
963 2592 975 2622 :
1010 2577 1057 2621 &
1075 2573 1129 2619 ad
1149 2573 1300 2620 damni
1318 2573 1413 2621 dati
1441 2573 1632 2622 modum
1651 2590 1723 2623 res
1742 2591 1926 2640 quoque
1940 2592 1992 2622 e-

337 2639 405 2697 jus
416 2640 513 2702 capi
530 2678 541 2695 ,
571 2639 885 2686 &dominium
900 2653 1055 2684 earum
1077 2635 1218 2682 debiti
1280 2635 1549 2698 onsequendi
1567 2636 1697 2686 causa
1709 2641 1844 2700 quaeri
1858 2653 1995 2701 pote-

338 2701 411 2747 rit.
427 2699 474 2748 Si
489 2700 708 2748 damnum
726 2700 931 2747 nondum
948 2698 1126 2745 dederit
1138 2699 1211 2746 sed
1226 2699 1333 2745 dare
1350 2700 1558 2751 voluerit,
1577 2701 1649 2762 jus
1664 2703 1751 2748 erit
1762 2717 1912 2748 rerum
1924 2716 1996 2748 re·

333 2765 538 2810 tentione
554 2780 655 2811 eum
686 2778 857 2827 cogere
869 2777 917 2808 ut
944 2761 1002 2808 de
1015 2761 1170 2810 futuro
1184 2776 1341 2808 caveat
1357 2761 1587 2810 obsidibus
1603 2801 1616 2818 ,
1635 2764 1900 2828 pignoribus
1916 2779 1995 2812 aut

337 2825 430 2871 alio
455 2826 620 2873 modo.
646 2825 791 2891 Qod
822 2826 852 2876 si
884 2840 1095 2885 praeterea
1118 2824 1445 2872 evidentissima
1462 2824 1513 2871 fit
1527 2825 1909 2874 hostismeiinme
1924 2828 1994 2874 in-

335 2888 499 2949 justitia
516 2928 526 2945 ,
544 2891 592 2936 &
608 2889 680 2936 ille
696 2905 800 2935 eum
817 2890 860 2934 in
875 2888 999 2934 bello
1015 2887 1286 2951 iniquissimo
1301 2887 1539 2935 confirmet
1555 2927 1567 2944 ,
1599 2891 1693 2949 jam
1709 2905 1800 2937 non
1815 2903 1992 2938 tantum

335 2951 528 2998 civiliter
553 2952 779 2999 tenebitur
802 2951 860 2997 de
891 2950 1064 2997 damno
1083 2988 1095 3005 ‚
1123 2948 1198 2995 sed
1230 2951 1277 2994 &
1294 2950 1584 2999 criminaliter
1600 2989 1613 3009 ‚
1639 2967 1689 2999 ut
1704 2954 1740 3000 is
1789 2954 1831 2999 ui
1846 2951 1990 3013 judici

338 3013 593 3061 imminenti
627 3031 754 3061 reum
788 3012 1073 3059 manifestum
1102 3013 1283 3060 eximit:
1316 3027 1448 3074 atque
1474 3029 1532 3060 eo
1559 3017 1741 3064 nomine
1791 3015 1925 3062 icebit
1941 3017 1989 3063 in

340 3090 442 3121 eum
460 3077 648 3123 statuere
664 3075 789 3138 quod
804 3075 971 3123 delicto
990 3076 1201 3121 convenit
1217 3113 1228 3129 ‚
1248 3073 1489 3122 secundum
1502 3091 1557 3123 ea
1572 3094 1667 3140 quae
1683 3078 1742 3125 de
1787 3080 1898 3124 oenis
1914 3077 1988 3124 di-

338 3139 501 3186 ximus.
531 3143 797 3199 quareintra
814 3154 918 3186 eum
937 3138 1130 3184 modum
1161 3139 1297 3185 etiam
1323 3137 1499 3201 spoliari
1527 3142 1710 3202 poterit.
1738 3093 1797 3187 ἔτ
1825 3140 1904 3187 has
1919 3140 1985 3188 ob

338 3201 483 3248 causas
497 3201 640 3249 solent
654 3206 678 3248 a
693 3203 862 3248 bellum
879 3199 1135 3266 gerentibus
1156 3207 1183 3233 *
1200 3201 1385 3262 publicae
1400 3201 1736 3265 significationes
1748 3204 1843 3250 fieri
1860 3202 1917 3249 ad
1933 3219 1988 3250 a-

337 3263 421 3309 lios
435 3266 644 3327 populos,
664 3280 760 3310 tum
778 3264 894 3311 utde
908 3266 1004 3324 jure
1020 3262 1282 3313 causae‚tum
1299 3265 1436 3311 etiam
1455 3279 1503 3310 ut
1521 3264 1580 3311 de
1593 3265 1669 3328 spe
1683 3265 1908 3329 probabili
1915 3267 1983 3326 ju-

335 3326 394 3374 ris
409 3329 659 3391 exequendi
675 3342 902 3392 appareat.
923 3327 1057 3378 Hanc
1068 3339 1220 3375 autem
1231 3326 1511 3388 quaestionem
1528 3329 1587 3377 ad
1607 3331 1678 3392 jus
1693 3343 1855 3378 naturae
1869 3326 1980 3439 idleho

1830 3404 1899 3438 ret
1965 3417 1983 3428 ·
