<?xml version="1.0" encoding="UTF-8"?>
<!DOCTYPE html PUBLIC "-//W3C//DTD XHTML 1.0 Transitional//EN"
    "http://www.w3.org/TR/xhtml1/DTD/xhtml1-transitional.dtd">
<html xmlns="http://www.w3.org/1999/xhtml" xml:lang="en" lang="en">
 <head>
  <title>
</title>
<meta http-equiv="Content-Type" content="text/html;charset=utf-8" />
  <meta name='ocr-system' content='tesseract 3.04.00' />
  <meta name='ocr-capabilities' content='ocr_page ocr_carea ocr_par ocr_line ocrx_word'/>
</head>
<body>
  <div class='ocr_page' id='page_1' title='image "./hugonisgrottiide010grotuoft_0547.png"; bbox 0 0 2475 3854; ppageno 0'>
   <div class='ocr_carea' id='block_1_1' title="bbox 642 237 1954 299">
    <p class='ocr_par' dir='ltr' id='par_1_1' title="bbox 642 237 1954 299">
     <span class='ocr_line' id='line_1_1' title="bbox 642 237 1954 299; baseline 0.005 -20"><span class='ocrx_word' id='word_1_1' title='bbox 642 237 1634 285; x_wconf 66' lang='lat' dir='ltr'>aepacls,1.18.1xx.</span> <span class='ocrx_word' id='word_1_2' title='bbox 1882 255 1954 299; x_wconf 78' lang='lat'>493</span> 
     </span>
    </p>
   </div>
   <div class='ocr_carea' id='block_1_2' title="bbox 292 305 2196 3245">
    <p class='ocr_par' dir='ltr' id='par_1_2' title="bbox 292 305 2196 3245">
     <span class='ocr_line' id='line_1_2' title="bbox 294 305 2179 379; baseline -0.006 -17"><span class='ocrx_word' id='word_1_3' title='bbox 294 310 461 362; x_wconf 85' lang='lat' dir='ltr'>debeat</span> <span class='ocrx_word' id='word_1_4' title='bbox 478 309 674 357; x_wconf 89' lang='lat' dir='ltr'>domino</span> <span class='ocrx_word' id='word_1_5' title='bbox 690 323 768 356; x_wconf 88' lang='lat' dir='ltr'>aut</span> <span class='ocrx_word' id='word_1_6' title='bbox 785 309 824 354; x_wconf 86' lang='lat' dir='ltr'>ei</span> <span class='ocrx_word' id='word_1_7' title='bbox 841 309 971 368; x_wconf 88' lang='lat' dir='ltr'>cujus</span> <span class='ocrx_word' id='word_1_8' title='bbox 985 308 1054 368; x_wconf 85' lang='lat' dir='ltr'>jus</span> <span class='ocrx_word' id='word_1_9' title='bbox 1071 305 1100 351; x_wconf 87' lang='lat' dir='ltr'>d</span> <span class='ocrx_word' id='word_1_10' title='bbox 1107 307 1284 356; x_wconf 89' lang='lat' dir='ltr'>ominus</span> <span class='ocrx_word' id='word_1_11' title='bbox 1301 313 1539 374; x_wconf 84' lang='lat' dir='ltr'>acceperit.</span> <span class='ocrx_word' id='word_1_12' title='bbox 1552 313 1658 361; x_wconf 86' lang='lat' dir='ltr'>Nec</span> <span class='ocrx_word' id='word_1_13' title='bbox 1672 313 1814 362; x_wconf 82' lang='lat' dir='ltr'>refert</span> <span class='ocrx_word' id='word_1_14' title='bbox 1826 316 1952 379; x_wconf 90' lang='lat' dir='ltr'>quod</span> <span class='ocrx_word' id='word_1_15' title='bbox 1971 314 2090 347; x_wconf 72' lang='lat' dir='ltr'>Bam,</span> <span class='ocrx_word' id='word_1_16' title='bbox 2103 317 2179 353; x_wconf 70' lang='lat'>202.</span> 
     </span>
     <span class='ocr_line' id='line_1_3' title="bbox 295 359 2134 440; baseline 0.001 -17"><span class='ocrx_word' id='word_1_17' title='bbox 295 376 405 440; x_wconf 83' lang='lat' dir='ltr'>fuga</span> <span class='ocrx_word' id='word_1_18' title='bbox 417 374 515 421; x_wconf 90' lang='lat' dir='ltr'>talis</span> <span class='ocrx_word' id='word_1_19' title='bbox 538 374 587 418; x_wconf 75' lang='grc' dir='ltr'>δε</span> <span class='ocrx_word' id='word_1_20' title='bbox 613 370 850 418; x_wconf 74' lang='grc' dir='ltr'>ίῑὼάυξὶίο</span> <span class='ocrx_word' id='word_1_21' title='bbox 879 367 1153 432; x_wconf 86' lang='lat' dir='ltr'>deprehensa</span> <span class='ocrx_word' id='word_1_22' title='bbox 1165 373 1364 432; x_wconf 83' lang='lat' dir='ltr'>graviter</span> <span class='ocrx_word' id='word_1_23' title='bbox 1375 376 1520 434; x_wconf 88' lang='lat' dir='ltr'>puniri</span> <span class='ocrx_word' id='word_1_24' title='bbox 1545 375 1726 424; x_wconf 79' lang='lat' dir='ltr'>soleant.</span> <span class='ocrx_word' id='word_1_25' title='bbox 1759 376 1884 425; x_wconf 87' lang='lat' dir='ltr'>Nam</span> <span class='ocrx_word' id='word_1_26' title='bbox 1902 380 1951 425; x_wconf 87' lang='lat'>&amp;</span> <span class='ocrx_word' id='word_1_27' title='bbox 1969 359 2134 407; x_wconf 29' lang='lat' dir='ltr'>quast-40.</span> 
     </span>
     <span class='ocr_line' id='line_1_4' title="bbox 293 432 1952 503; baseline 0.002 -20"><span class='ocrx_word' id='word_1_28' title='bbox 293 439 386 486; x_wconf 79' lang='lat' dir='ltr'>haec</span> <span class='ocrx_word' id='word_1_29' title='bbox 402 440 450 483; x_wconf 85' lang='lat'>&amp;</span> <span class='ocrx_word' id='word_1_30' title='bbox 473 435 558 481; x_wconf 85' lang='lat' dir='ltr'>alia</span> <span class='ocrx_word' id='word_1_31' title='bbox 575 435 716 481; x_wconf 86' lang='lat' dir='ltr'>multa</span> <span class='ocrx_word' id='word_1_32' title='bbox 733 433 902 481; x_wconf 85' lang='lat' dir='ltr'>faciunt</span> <span class='ocrx_word' id='word_1_33' title='bbox 918 432 1201 495; x_wconf 81' lang='lat' dir='ltr'>potentiores</span> <span class='ocrx_word' id='word_1_34' title='bbox 1221 471 1233 488; x_wconf 90' lang='lat'>,</span> <span class='ocrx_word' id='word_1_35' title='bbox 1261 450 1348 480; x_wconf 89' lang='lat' dir='ltr'>non</span> <span class='ocrx_word' id='word_1_36' title='bbox 1367 438 1473 497; x_wconf 85' lang='lat' dir='ltr'>quia</span> <span class='ocrx_word' id='word_1_37' title='bbox 1491 454 1610 501; x_wconf 76' lang='lat' dir='ltr'>aequa</span> <span class='ocrx_word' id='word_1_38' title='bbox 1639 439 1735 486; x_wconf 90' lang='lat' dir='ltr'>sunt</span> <span class='ocrx_word' id='word_1_39' title='bbox 1756 440 1831 487; x_wconf 89' lang='lat' dir='ltr'>sed</span> <span class='ocrx_word' id='word_1_40' title='bbox 1848 443 1952 503; x_wconf 89' lang='lat' dir='ltr'>quia</span> 
     </span>
     <span class='ocr_line' id='line_1_5' title="bbox 292 493 2097 563; baseline 0.002 -17"><span class='ocrx_word' id='word_1_41' title='bbox 292 500 396 563; x_wconf 81' lang='lat' dir='ltr'>ipfis</span> <span class='ocrx_word' id='word_1_42' title='bbox 413 497 616 560; x_wconf 78' lang='lat' dir='ltr'>expedit.</span> <span class='ocrx_word' id='word_1_43' title='bbox 652 497 796 559; x_wconf 85' lang='lat' dir='ltr'>Qod</span> <span class='ocrx_word' id='word_1_44' title='bbox 815 512 927 542; x_wconf 82' lang='lat' dir='ltr'>vcro</span> <span class='ocrx_word' id='word_1_45' title='bbox 947 493 1190 560; x_wconf 80' lang='lat' dir='ltr'>prohibent</span> <span class='ocrx_word' id='word_1_46' title='bbox 1209 500 1234 526; x_wconf 80' lang='lat'><strong><em>*</em></strong></span> <span class='ocrx_word' id='word_1_47' title='bbox 1249 512 1440 544; x_wconf 85' lang='lat' dir='ltr'>canones</span> <span class='ocrx_word' id='word_1_48' title='bbox 1454 501 1652 548; x_wconf 80' lang='lat' dir='ltr'>nonrmlli</span> <span class='ocrx_word' id='word_1_49' title='bbox 1668 502 1851 550; x_wconf 82' lang='lat' dir='ltr'>suadere</span> <span class='ocrx_word' id='word_1_50' title='bbox 1867 504 1951 550; x_wconf 85' lang='lat' dir='ltr'>ser·</span> <span class='ocrx_word' id='word_1_51' title='bbox 2093 545 2097 549; x_wconf 91' lang='lat'>.</span> 
     </span>
     <span class='ocr_line' id='line_1_6' title="bbox 294 556 2181 630; baseline 0.002 -21"><span class='ocrx_word' id='word_1_52' title='bbox 294 576 360 609; x_wconf 86' lang='lat' dir='ltr'>vo</span> <span class='ocrx_word' id='word_1_53' title='bbox 378 560 666 608; x_wconf 87' lang='lat' dir='ltr'>ministerium</span> <span class='ocrx_word' id='word_1_54' title='bbox 695 561 870 606; x_wconf 86' lang='lat' dir='ltr'>domini</span> <span class='ocrx_word' id='word_1_55' title='bbox 890 557 950 604; x_wconf 88' lang='lat' dir='ltr'>sui</span> <span class='ocrx_word' id='word_1_56' title='bbox 971 557 1209 605; x_wconf 79' lang='lat' dir='ltr'>destituere</span> <span class='ocrx_word' id='word_1_57' title='bbox 1227 595 1239 614; x_wconf 79' lang='lat'>‚</span> <span class='ocrx_word' id='word_1_58' title='bbox 1273 559 1303 605; x_wconf 73' lang='lat' dir='ltr'>si</span> <span class='ocrx_word' id='word_1_59' title='bbox 1321 560 1378 605; x_wconf 88' lang='lat' dir='ltr'>ad</span> <span class='ocrx_word' id='word_1_60' title='bbox 1403 560 1554 609; x_wconf 85' lang='lat' dir='ltr'>servos</span> <span class='ocrx_word' id='word_1_61' title='bbox 1578 564 1745 612; x_wconf 78' lang='lat' dir='ltr'>referas</span> <span class='ocrx_word' id='word_1_62' title='bbox 1763 568 1837 629; x_wconf 92' lang='lat' dir='ltr'>qui</span> <span class='ocrx_word' id='word_1_63' title='bbox 1852 580 1949 630; x_wconf 83' lang='lat' dir='ltr'>poe-</span> <span class='ocrx_word' id='word_1_64' title='bbox 1968 556 2027 602; x_wconf 60' lang='lat' dir='ltr'>⁶st</span> <span class='ocrx_word' id='word_1_65' title='bbox 2039 557 2181 605; x_wconf 48' lang='grc' dir='ltr'>(ἴα-ἆρ’·</span> 
     </span>
     <span class='ocr_line' id='line_1_7' title="bbox 293 613 2181 696; baseline 0.002 -25"><span class='ocrx_word' id='word_1_66' title='bbox 293 640 399 671; x_wconf 85' lang='lat' dir='ltr'>nam</span> <span class='ocrx_word' id='word_1_67' title='bbox 423 622 583 684; x_wconf 86' lang='lat' dir='ltr'>justam</span> <span class='ocrx_word' id='word_1_68' title='bbox 601 620 753 668; x_wconf 85' lang='lat' dir='ltr'>ferunt</span> <span class='ocrx_word' id='word_1_69' title='bbox 771 657 782 679; x_wconf 75' lang='lat'>‚</span> <span class='ocrx_word' id='word_1_70' title='bbox 816 635 892 670; x_wconf 80' lang='lat' dir='ltr'>aut</span> <span class='ocrx_word' id='word_1_71' title='bbox 909 620 1163 668; x_wconf 85' lang='lat' dir='ltr'>voluntaria</span> <span class='ocrx_word' id='word_1_72' title='bbox 1189 620 1397 682; x_wconf 61' lang='lat' dir='ltr'>paetione</span> <span class='ocrx_word' id='word_1_73' title='bbox 1426 621 1469 669; x_wconf 90' lang='lat' dir='ltr'>se</span> <span class='ocrx_word' id='word_1_74' title='bbox 1496 624 1766 674; x_wconf 78' lang='lat' dir='ltr'>addixerunt</span> <span class='ocrx_word' id='word_1_75' title='bbox 1780 644 1946 690; x_wconf 86' lang='lat' dir='ltr'>praece-</span> <span class='ocrx_word' id='word_1_76' title='bbox 1968 613 2181 696; x_wconf 41' lang='lat' dir='ltr'>vusgrngq.</span> 
     </span>
     <span class='ocr_line' id='line_1_8' title="bbox 294 661 2177 754; baseline 0.002 -21"><span class='ocrx_word' id='word_1_77' title='bbox 294 702 423 750; x_wconf 89' lang='lat' dir='ltr'>ptum</span> <span class='ocrx_word' id='word_1_78' title='bbox 444 684 627 746; x_wconf 78' lang='lat' dir='ltr'>justitiae,</span> <span class='ocrx_word' id='word_1_79' title='bbox 646 685 706 731; x_wconf 88' lang='lat' dir='ltr'>sm</span> <span class='ocrx_word' id='word_1_80' title='bbox 723 686 776 732; x_wconf 86' lang='lat' dir='ltr'>ad</span> <span class='ocrx_word' id='word_1_81' title='bbox 794 699 874 731; x_wconf 86' lang='lat' dir='ltr'>eos</span> <span class='ocrx_word' id='word_1_82' title='bbox 918 686 959 729; x_wconf 93' lang='lat' dir='ltr'>ui</span> <span class='ocrx_word' id='word_1_83' title='bbox 975 681 1096 729; x_wconf 86' lang='lat' dir='ltr'>bello</span> <span class='ocrx_word' id='word_1_84' title='bbox 1112 681 1273 741; x_wconf 84' lang='lat' dir='ltr'>injusto</span> <span class='ocrx_word' id='word_1_85' title='bbox 1287 685 1408 746; x_wconf 86' lang='lat' dir='ltr'>capti</span> <span class='ocrx_word' id='word_1_86' title='bbox 1426 684 1535 742; x_wconf 88' lang='lat' dir='ltr'>sunt,</span> <span class='ocrx_word' id='word_1_87' title='bbox 1556 704 1629 735; x_wconf 86' lang='lat' dir='ltr'>aut</span> <span class='ocrx_word' id='word_1_88' title='bbox 1641 705 1699 736; x_wconf 78' lang='lat' dir='ltr'>ex·</span> <span class='ocrx_word' id='word_1_89' title='bbox 1714 692 1854 754; x_wconf 88' lang='lat' dir='ltr'>captis</span> <span class='ocrx_word' id='word_1_90' title='bbox 1872 707 1950 738; x_wconf 86' lang='lat' dir='ltr'>na-</span> <span class='ocrx_word' id='word_1_91' title='bbox 1967 662 2004 698; x_wconf 77' lang='lat'>4·</span> <span class='ocrx_word' id='word_1_92' title='bbox 2099 661 2177 698; x_wconf 48' lang='grc' dir='ltr'>ἠ’</span> 
     </span>
     <span class='ocr_line' id='line_1_9' title="bbox 296 745 1952 812; baseline -0.002 -16"><span class='ocrx_word' id='word_1_93' title='bbox 296 751 352 805; x_wconf 86' lang='lat' dir='ltr'>ti,</span> <span class='ocrx_word' id='word_1_94' title='bbox 367 747 561 795; x_wconf 87' lang='lat' dir='ltr'>ostendit</span> <span class='ocrx_word' id='word_1_95' title='bbox 577 747 859 795; x_wconf 84' lang='lat' dir='ltr'>Christianos</span> <span class='ocrx_word' id='word_1_96' title='bbox 924 745 1139 792; x_wconf 77' lang='lat' dir='ltr'>hristianis</span> <span class='ocrx_word' id='word_1_97' title='bbox 1155 745 1358 793; x_wconf 61' lang='lat' dir='ltr'>auctores</span> <span class='ocrx_word' id='word_1_98' title='bbox 1373 751 1520 810; x_wconf 82' lang='lat' dir='ltr'>potius</span> <span class='ocrx_word' id='word_1_99' title='bbox 1535 754 1757 812; x_wconf 75' lang='lat' dir='ltr'>patienriae</span> <span class='ocrx_word' id='word_1_100' title='bbox 1766 752 1850 800; x_wconf 74' lang='lat' dir='ltr'>effe</span> <span class='ocrx_word' id='word_1_101' title='bbox 1867 754 1952 800; x_wconf 75' lang='lat' dir='ltr'>de..</span> 
     </span>
     <span class='ocr_line' id='line_1_10' title="bbox 295 806 1951 873; baseline 0.002 -15"><span class='ocrx_word' id='word_1_102' title='bbox 295 810 404 859; x_wconf 91' lang='lat' dir='ltr'>bere</span> <span class='ocrx_word' id='word_1_103' title='bbox 420 827 556 873; x_wconf 83' lang='lat' dir='ltr'>quam</span> <span class='ocrx_word' id='word_1_104' title='bbox 572 813 636 857; x_wconf 87' lang='lat' dir='ltr'>rei</span> <span class='ocrx_word' id='word_1_105' title='bbox 650 811 765 866; x_wconf 86' lang='lat' dir='ltr'>talis,</span> <span class='ocrx_word' id='word_1_106' title='bbox 787 826 881 873; x_wconf 86' lang='lat' dir='ltr'>quae</span> <span class='ocrx_word' id='word_1_107' title='bbox 893 808 1098 872; x_wconf 84' lang='lat' dir='ltr'>quamvis</span> <span class='ocrx_word' id='word_1_108' title='bbox 1116 806 1254 863; x_wconf 83' lang='lat' dir='ltr'>licita,</span> <span class='ocrx_word' id='word_1_109' title='bbox 1275 811 1448 857; x_wconf 84' lang='lat' dir='ltr'>animos</span> <span class='ocrx_word' id='word_1_110' title='bbox 1462 825 1610 860; x_wconf 84' lang='lat' dir='ltr'>tamen</span> <span class='ocrx_word' id='word_1_111' title='bbox 1627 820 1651 861; x_wconf 74' lang='lat' dir='ltr'>a</span> <span class='ocrx_word' id='word_1_112' title='bbox 1670 814 1951 863; x_wconf 81' lang='lat' dir='ltr'>Christianis-</span> 
     </span>
     <span class='ocr_line' id='line_1_11' title="bbox 294 870 1950 940; baseline 0.002 -18"><span class='ocrx_word' id='word_1_113' title='bbox 294 889 378 923; x_wconf 88' lang='lat' dir='ltr'>mo</span> <span class='ocrx_word' id='word_1_114' title='bbox 404 875 574 920; x_wconf 87' lang='lat' dir='ltr'>alienos</span> <span class='ocrx_word' id='word_1_115' title='bbox 591 911 602 925; x_wconf 93' lang='lat'>‚</span> <span class='ocrx_word' id='word_1_116' title='bbox 632 886 708 920; x_wconf 87' lang='lat' dir='ltr'>aut</span> <span class='ocrx_word' id='word_1_117' title='bbox 738 873 909 937; x_wconf 79' lang='lat' dir='ltr'>alioqui</span> <span class='ocrx_word' id='word_1_118' title='bbox 934 870 1136 917; x_wconf 83' lang='lat' dir='ltr'>infirmos</span> <span class='ocrx_word' id='word_1_119' title='bbox 1153 870 1295 932; x_wconf 79' lang='lat' dir='ltr'>posset</span> <span class='ocrx_word' id='word_1_120' title='bbox 1322 870 1563 922; x_wconf 84' lang='lat' dir='ltr'>offendere.</span> <span class='ocrx_word' id='word_1_121' title='bbox 1599 875 1888 940; x_wconf 85' lang='lat' dir='ltr'>Similemque</span> <span class='ocrx_word' id='word_1_122' title='bbox 1906 881 1950 925; x_wconf 87' lang='lat' dir='ltr'>in</span> 
     </span>
     <span class='ocr_line' id='line_1_12' title="bbox 294 932 1950 1002; baseline 0.001 -17"><span class='ocrx_word' id='word_1_123' title='bbox 294 934 492 985; x_wconf 88' lang='lat' dir='ltr'>modum</span> <span class='ocrx_word' id='word_1_124' title='bbox 506 937 645 1001; x_wconf 82' lang='lat' dir='ltr'>accipi</span> <span class='ocrx_word' id='word_1_125' title='bbox 658 935 834 997; x_wconf 80' lang='lat' dir='ltr'>possunt</span> <span class='ocrx_word' id='word_1_126' title='bbox 849 933 1173 997; x_wconf 80' lang='lat' dir='ltr'>Apostolorum</span> <span class='ocrx_word' id='word_1_127' title='bbox 1192 932 1249 979; x_wconf 82' lang='lat' dir='ltr'>ad</span> <span class='ocrx_word' id='word_1_128' title='bbox 1267 932 1415 981; x_wconf 85' lang='lat' dir='ltr'>servos</span> <span class='ocrx_word' id='word_1_129' title='bbox 1428 940 1600 984; x_wconf 81' lang='lat' dir='ltr'>monita</span> <span class='ocrx_word' id='word_1_130' title='bbox 1613 977 1624 994; x_wconf 84' lang='lat'>,</span> <span class='ocrx_word' id='word_1_131' title='bbox 1644 940 1718 986; x_wconf 74' lang='lat' dir='ltr'>nisi</span> <span class='ocrx_word' id='word_1_132' title='bbox 1736 939 1861 1002; x_wconf 87' lang='lat' dir='ltr'>quod</span> <span class='ocrx_word' id='word_1_133' title='bbox 1876 941 1950 987; x_wconf 87' lang='lat' dir='ltr'>illa</span> 
     </span>
     <span class='ocr_line' id='line_1_13' title="bbox 295 992 1951 1065; baseline 0.001 -17"><span class='ocrx_word' id='word_1_134' title='bbox 295 1001 442 1065; x_wconf 86' lang='lat' dir='ltr'>magis</span> <span class='ocrx_word' id='word_1_135' title='bbox 469 997 681 1047; x_wconf 85' lang='lat' dir='ltr'>videntur</span> <span class='ocrx_word' id='word_1_136' title='bbox 707 997 1013 1055; x_wconf 81' lang='lat' dir='ltr'>obedientiam</span> <span class='ocrx_word' id='word_1_137' title='bbox 1030 992 1208 1042; x_wconf 69' lang='lat' dir='ltr'>aservis</span> <span class='ocrx_word' id='word_1_138' title='bbox 1236 997 1420 1042; x_wconf 65' lang='lat' dir='ltr'>existere</span> <span class='ocrx_word' id='word_1_139' title='bbox 1435 998 1543 1045; x_wconf 82' lang='lat' dir='ltr'>dum</span> <span class='ocrx_word' id='word_1_140' title='bbox 1562 1001 1788 1059; x_wconf 81' lang='lat' dir='ltr'>serviunt;</span> <span class='ocrx_word' id='word_1_141' title='bbox 1822 1003 1951 1065; x_wconf 86' lang='lat' dir='ltr'>quod</span> 
     </span>
     <span class='ocr_line' id='line_1_14' title="bbox 295 1036 1950 1127; baseline 0.001 -17"><span class='ocrx_word' id='word_1_142' title='bbox 295 1061 488 1110; x_wconf 86' lang='lat' dir='ltr'>naturali</span> <span class='ocrx_word' id='word_1_143' title='bbox 503 1062 698 1124; x_wconf 69' lang='lat' dir='ltr'>aequitati</span> <span class='ocrx_word' id='word_1_144' title='bbox 713 1059 1059 1108; x_wconf 85' lang='lat' dir='ltr'>consentaneum</span> <span class='ocrx_word' id='word_1_145' title='bbox 1072 1055 1152 1103; x_wconf 81' lang='lat' dir='ltr'>est.</span> <span class='ocrx_word' id='word_1_146' title='bbox 1182 1074 1287 1105; x_wconf 87' lang='lat' dir='ltr'>nam</span> <span class='ocrx_word' id='word_1_147' title='bbox 1301 1036 1513 1108; x_wconf 53' lang='lat' dir='ltr'>aiimenta</span> <span class='ocrx_word' id='word_1_148' title='bbox 1531 1064 1578 1108; x_wconf 72' lang='grc' dir='ltr'>δε</span> <span class='ocrx_word' id='word_1_149' title='bbox 1595 1079 1737 1127; x_wconf 80' lang='lat' dir='ltr'>operae</span> <span class='ocrx_word' id='word_1_150' title='bbox 1755 1064 1833 1112; x_wconf 74' lang='lat' dir='ltr'>sibi</span> <span class='ocrx_word' id='word_1_151' title='bbox 1847 1082 1950 1112; x_wconf 86' lang='lat' dir='ltr'>mu-</span> 
     </span>
     <span class='ocr_line' id='line_1_15' title="bbox 300 1123 697 1188; baseline -0.003 -15"><span class='ocrx_word' id='word_1_152' title='bbox 300 1139 385 1173; x_wconf 87' lang='lat' dir='ltr'>tuo</span> <span class='ocrx_word' id='word_1_153' title='bbox 404 1123 697 1188; x_wconf 83' lang='lat' dir='ltr'>respondent.</span> 
     </span>
     <span class='ocr_line' id='line_1_16' title="bbox 360 1181 1952 1252; baseline 0 -16"><span class='ocrx_word' id='word_1_154' title='bbox 360 1187 405 1238; x_wconf 88' lang='lat' dir='ltr'><strong>V</strong></span> <span class='ocrx_word' id='word_1_155' title='bbox 423 1188 498 1236; x_wconf 87' lang='lat'>11.</span> <span class='ocrx_word' id='word_1_156' title='bbox 530 1185 764 1235; x_wconf 76' lang='lat' dir='ltr'>Caeterum</span> <span class='ocrx_word' id='word_1_157' title='bbox 785 1184 842 1233; x_wconf 88' lang='lat' dir='ltr'>ab</span> <span class='ocrx_word' id='word_1_158' title='bbox 855 1181 1013 1232; x_wconf 88' lang='lat' dir='ltr'>iisdem</span> <span class='ocrx_word' id='word_1_159' title='bbox 1029 1221 1039 1240; x_wconf 58' lang='lat'><em>2</em></span> <span class='ocrx_word' id='word_1_160' title='bbox 1059 1196 1174 1243; x_wconf 89' lang='lat' dir='ltr'>quos</span> <span class='ocrx_word' id='word_1_161' title='bbox 1189 1181 1387 1229; x_wconf 75' lang='lat' dir='ltr'>indicare</span> <span class='ocrx_word' id='word_1_162' title='bbox 1403 1186 1516 1247; x_wconf 83' lang='lat' dir='ltr'>coepi</span> <span class='ocrx_word' id='word_1_163' title='bbox 1532 1184 1790 1252; x_wconf 76' lang='lat' dir='ltr'>Theologis</span> <span class='ocrx_word' id='word_1_164' title='bbox 1811 1228 1821 1245; x_wconf 88' lang='lat'>,</span> <span class='ocrx_word' id='word_1_165' title='bbox 1840 1190 1952 1238; x_wconf 85' lang='lat' dir='ltr'>illud</span> 
     </span>
     <span class='ocr_line' id='line_1_17' title="bbox 295 1245 1951 1304; baseline 0.001 -6"><span class='ocrx_word' id='word_1_166' title='bbox 295 1250 468 1300; x_wconf 59' lang='lat' dir='ltr'>dictum</span> <span class='ocrx_word' id='word_1_167' title='bbox 486 1249 608 1296; x_wconf 69' lang='lat' dir='ltr'>reste</span> <span class='ocrx_word' id='word_1_168' title='bbox 621 1249 838 1299; x_wconf 78' lang='lat' dir='ltr'>arbitror,</span> <span class='ocrx_word' id='word_1_169' title='bbox 858 1248 1036 1295; x_wconf 87' lang='lat' dir='ltr'>servum</span> <span class='ocrx_word' id='word_1_170' title='bbox 1053 1245 1246 1291; x_wconf 87' lang='lat' dir='ltr'>domino</span> <span class='ocrx_word' id='word_1_171' title='bbox 1265 1247 1331 1304; x_wconf 75' lang='lat' dir='ltr'>jus</span> <span class='ocrx_word' id='word_1_172' title='bbox 1346 1245 1456 1292; x_wconf 88' lang='lat' dir='ltr'>illud</span> <span class='ocrx_word' id='word_1_173' title='bbox 1468 1262 1701 1296; x_wconf 82' lang='lat' dir='ltr'>externum</span> <span class='ocrx_word' id='word_1_174' title='bbox 1713 1250 1951 1302; x_wconf 76' lang='lat' dir='ltr'>exsequen-</span> 
     </span>
     <span class='ocr_line' id='line_1_18' title="bbox 294 1303 1954 1373; baseline -0.001 -10"><span class='ocrx_word' id='word_1_175' title='bbox 294 1317 332 1363; x_wconf 89' lang='lat' dir='ltr'>ti</span> <span class='ocrx_word' id='word_1_176' title='bbox 347 1312 543 1362; x_wconf 78' lang='lat' dir='ltr'>resistere</span> <span class='ocrx_word' id='word_1_177' title='bbox 556 1312 694 1361; x_wconf 85' lang='lat' dir='ltr'>illaeso</span> <span class='ocrx_word' id='word_1_178' title='bbox 710 1312 881 1373; x_wconf 83' lang='lat' dir='ltr'>justitiae</span> <span class='ocrx_word' id='word_1_179' title='bbox 896 1310 1053 1357; x_wconf 87' lang='lat' dir='ltr'>officio</span> <span class='ocrx_word' id='word_1_180' title='bbox 1084 1324 1173 1354; x_wconf 88' lang='lat' dir='ltr'>non</span> <span class='ocrx_word' id='word_1_181' title='bbox 1194 1307 1332 1371; x_wconf 79' lang='lat' dir='ltr'>posse..</span> <span class='ocrx_word' id='word_1_182' title='bbox 1368 1308 1443 1355; x_wconf 82' lang='lat' dir='ltr'>Est</span> <span class='ocrx_word' id='word_1_183' title='bbox 1459 1312 1579 1358; x_wconf 83' lang='lat' dir='ltr'>enim</span> <span class='ocrx_word' id='word_1_184' title='bbox 1596 1312 1710 1359; x_wconf 84' lang='lat' dir='ltr'>inter</span> <span class='ocrx_word' id='word_1_185' title='bbox 1727 1314 1816 1360; x_wconf 80' lang='lat' dir='ltr'>hoc</span> <span class='ocrx_word' id='word_1_186' title='bbox 1829 1303 1887 1361; x_wconf 63' lang='lat'>⁴&amp;</span> <span class='ocrx_word' id='word_1_187' title='bbox 1899 1331 1954 1361; x_wconf 85' lang='lat' dir='ltr'>ea</span> 
     </span>
     <span class='ocr_line' id='line_1_19' title="bbox 295 1370 1952 1442; baseline -0.002 -17"><span class='ocrx_word' id='word_1_188' title='bbox 295 1394 394 1442; x_wconf 83' lang='lat' dir='ltr'>quae</span> <span class='ocrx_word' id='word_1_189' title='bbox 410 1375 607 1423; x_wconf 84' lang='lat' dir='ltr'><strong>diximus</strong></span> <span class='ocrx_word' id='word_1_190' title='bbox 625 1373 860 1423; x_wconf 87' lang='lat' dir='ltr'>manifesta</span> <span class='ocrx_word' id='word_1_191' title='bbox 875 1372 1181 1436; x_wconf 82' lang='lat' dir='ltr'>discrepantia.</span> <span class='ocrx_word' id='word_1_192' title='bbox 1217 1370 1467 1418; x_wconf 82' lang='lat' dir='ltr'>Externum</span> <span class='ocrx_word' id='word_1_193' title='bbox 1487 1374 1556 1432; x_wconf 81' lang='lat' dir='ltr'>jus</span> <span class='ocrx_word' id='word_1_194' title='bbox 1579 1409 1589 1423; x_wconf 83' lang='lat'>.</span> <span class='ocrx_word' id='word_1_195' title='bbox 1610 1375 1736 1436; x_wconf 88' lang='lat' dir='ltr'>quod</span> <span class='ocrx_word' id='word_1_196' title='bbox 1765 1376 1952 1438; x_wconf 84' lang='lat' dir='ltr'>quidem</span> 
     </span>
     <span class='ocr_line' id='line_1_20' title="bbox 295 1431 1954 1502; baseline -0.002 -14"><span class='ocrx_word' id='word_1_197' title='bbox 295 1457 391 1488; x_wconf 86' lang='lat' dir='ltr'>non</span> <span class='ocrx_word' id='word_1_198' title='bbox 406 1437 500 1486; x_wconf 85' lang='lat' dir='ltr'>sola</span> <span class='ocrx_word' id='word_1_199' title='bbox 514 1438 678 1502; x_wconf 81' lang='lat' dir='ltr'>agendi</span> <span class='ocrx_word' id='word_1_200' title='bbox 692 1437 959 1501; x_wconf 78' lang='lat' dir='ltr'>impunitate</span> <span class='ocrx_word' id='word_1_201' title='bbox 973 1474 983 1492; x_wconf 82' lang='lat'>‚</span> <span class='ocrx_word' id='word_1_202' title='bbox 998 1434 1075 1480; x_wconf 89' lang='lat' dir='ltr'>sed</span> <span class='ocrx_word' id='word_1_203' title='bbox 1091 1434 1139 1478; x_wconf 75' lang='grc' dir='ltr'>δε</span> <span class='ocrx_word' id='word_1_204' title='bbox 1158 1431 1430 1495; x_wconf 77' lang='lat' dir='ltr'>judiciorum</span> <span class='ocrx_word' id='word_1_205' title='bbox 1443 1435 1584 1482; x_wconf 86' lang='lat' dir='ltr'>tutela</span> <span class='ocrx_word' id='word_1_206' title='bbox 1598 1437 1768 1484; x_wconf 87' lang='lat' dir='ltr'>constat</span> <span class='ocrx_word' id='word_1_207' title='bbox 1786 1477 1797 1495; x_wconf 80' lang='grc'>,</span> <span class='ocrx_word' id='word_1_208' title='bbox 1827 1439 1954 1485; x_wconf 87' lang='lat' dir='ltr'>inane</span> 
     </span>
     <span class='ocr_line' id='line_1_21' title="bbox 296 1497 1955 1556; baseline -0.002 -6"><span class='ocrx_word' id='word_1_209' title='bbox 296 1504 384 1550; x_wconf 85' lang='lat' dir='ltr'>erit</span> <span class='ocrx_word' id='word_1_210' title='bbox 400 1500 431 1548; x_wconf 87' lang='lat' dir='ltr'>fi</span> <span class='ocrx_word' id='word_1_211' title='bbox 454 1516 513 1548; x_wconf 81' lang='lat' dir='ltr'>ex</span> <span class='ocrx_word' id='word_1_212' title='bbox 529 1499 721 1548; x_wconf 86' lang='lat' dir='ltr'>adverso</span> <span class='ocrx_word' id='word_1_213' title='bbox 738 1499 963 1547; x_wconf 78' lang='lat' dir='ltr'>resistendi</span> <span class='ocrx_word' id='word_1_214' title='bbox 994 1499 1062 1556; x_wconf 84' lang='lat' dir='ltr'>jus</span> <span class='ocrx_word' id='word_1_215' title='bbox 1080 1510 1273 1544; x_wconf 85' lang='lat' dir='ltr'>maneat.</span> <span class='ocrx_word' id='word_1_216' title='bbox 1302 1512 1405 1543; x_wconf 86' lang='lat' dir='ltr'>nam</span> <span class='ocrx_word' id='word_1_217' title='bbox 1430 1497 1459 1543; x_wconf 85' lang='lat' dir='ltr'><strong>fi</strong></span> <span class='ocrx_word' id='word_1_218' title='bbox 1483 1497 1672 1545; x_wconf 89' lang='lat' dir='ltr'>domino</span> <span class='ocrx_word' id='word_1_219' title='bbox 1698 1501 1741 1547; x_wconf 87' lang='lat' dir='ltr'>vi</span> <span class='ocrx_word' id='word_1_220' title='bbox 1760 1500 1955 1546; x_wconf 73' lang='lat' dir='ltr'>resistere</span> 
     </span>
     <span class='ocr_line' id='line_1_22' title="bbox 300 1559 1954 1626; baseline -0.001 -15"><span class='ocrx_word' id='word_1_221' title='bbox 300 1565 421 1621; x_wconf 90' lang='lat' dir='ltr'>licet,</span> <span class='ocrx_word' id='word_1_222' title='bbox 438 1562 589 1610; x_wconf 83' lang='lat' dir='ltr'>licebit</span> <span class='ocrx_word' id='word_1_223' title='bbox 604 1565 652 1609; x_wconf 84' lang='lat'>&amp;</span> <span class='ocrx_word' id='word_1_224' title='bbox 667 1562 945 1626; x_wconf 79' lang='lat' dir='ltr'>magistratui</span> <span class='ocrx_word' id='word_1_225' title='bbox 961 1559 1205 1606; x_wconf 88' lang='lat' dir='ltr'>dominum</span> <span class='ocrx_word' id='word_1_226' title='bbox 1223 1561 1488 1618; x_wconf 85' lang='lat' dir='ltr'>tuenti,cum</span> <span class='ocrx_word' id='word_1_227' title='bbox 1508 1575 1659 1606; x_wconf 81' lang='lat' dir='ltr'>tamen</span> <span class='ocrx_word' id='word_1_228' title='bbox 1675 1562 1954 1625; x_wconf 75' lang='lat' dir='ltr'>magistratus</span> 
     </span>
     <span class='ocr_line' id='line_1_23' title="bbox 300 1621 1960 1689; baseline -0.002 -15"><span class='ocrx_word' id='word_1_229' title='bbox 300 1644 359 1676; x_wconf 83' lang='lat' dir='ltr'>ex</span> <span class='ocrx_word' id='word_1_230' title='bbox 387 1628 488 1687; x_wconf 87' lang='lat' dir='ltr'>jure</span> <span class='ocrx_word' id='word_1_231' title='bbox 511 1627 715 1689; x_wconf 72' lang='lat' dir='ltr'>gentium</span> <span class='ocrx_word' id='word_1_232' title='bbox 734 1625 975 1671; x_wconf 88' lang='lat' dir='ltr'>dominum</span> <span class='ocrx_word' id='word_1_233' title='bbox 994 1624 1039 1667; x_wconf 91' lang='lat' dir='ltr'>in</span> <span class='ocrx_word' id='word_1_234' title='bbox 1055 1621 1137 1667; x_wconf 90' lang='lat' dir='ltr'>illo</span> <span class='ocrx_word' id='word_1_235' title='bbox 1155 1622 1364 1668; x_wconf 88' lang='lat' dir='ltr'>dominio</span> <span class='ocrx_word' id='word_1_236' title='bbox 1381 1661 1392 1679; x_wconf 87' lang='lat'>‚</span> <span class='ocrx_word' id='word_1_237' title='bbox 1428 1621 1605 1685; x_wconf 77' lang='lat' dir='ltr'>ejusque</span> <span class='ocrx_word' id='word_1_238' title='bbox 1622 1622 1696 1670; x_wconf 91' lang='lat' dir='ltr'>usu</span> <span class='ocrx_word' id='word_1_239' title='bbox 1711 1623 1960 1671; x_wconf 77' lang='lat' dir='ltr'>defendere</span> 
     </span>
     <span class='ocr_line' id='line_1_24' title="bbox 296 1684 1959 1750; baseline -0.005 -12"><span class='ocrx_word' id='word_1_240' title='bbox 296 1690 484 1738; x_wconf 87' lang='lat' dir='ltr'>debeat.</span> <span class='ocrx_word' id='word_1_241' title='bbox 516 1687 587 1736; x_wconf 91' lang='lat' dir='ltr'>Est</span> <span class='ocrx_word' id='word_1_242' title='bbox 613 1703 727 1750; x_wconf 76' lang='lat' dir='ltr'>ergo</span> <span class='ocrx_word' id='word_1_243' title='bbox 744 1689 836 1734; x_wconf 87' lang='lat' dir='ltr'>hoc</span> <span class='ocrx_word' id='word_1_244' title='bbox 854 1690 923 1748; x_wconf 86' lang='lat' dir='ltr'>jus</span> <span class='ocrx_word' id='word_1_245' title='bbox 939 1685 1080 1732; x_wconf 79' lang='lat' dir='ltr'>simile</span> <span class='ocrx_word' id='word_1_246' title='bbox 1107 1685 1148 1730; x_wconf 82' lang='lat' dir='ltr'>ei</span> <span class='ocrx_word' id='word_1_247' title='bbox 1171 1685 1299 1746; x_wconf 87' lang='lat' dir='ltr'>quod</span> <span class='ocrx_word' id='word_1_248' title='bbox 1315 1684 1497 1731; x_wconf 81' lang='lat' dir='ltr'>summis</span> <span class='ocrx_word' id='word_1_249' title='bbox 1514 1687 1557 1731; x_wconf 84' lang='lat' dir='ltr'>in</span> <span class='ocrx_word' id='word_1_250' title='bbox 1574 1701 1749 1748; x_wconf 84' lang='lat' dir='ltr'>quaque</span> <span class='ocrx_word' id='word_1_251' title='bbox 1773 1687 1959 1732; x_wconf 84' lang='lat' dir='ltr'>civitate</span> 
     </span>
     <span class='ocr_line' id='line_1_25' title="bbox 298 1747 1956 1817; baseline -0.003 -18"><span class='ocrx_word' id='word_1_252' title='bbox 298 1750 594 1817; x_wconf 85' lang='lat' dir='ltr'>potestatibus</span> <span class='ocrx_word' id='word_1_253' title='bbox 624 1750 732 1798; x_wconf 86' lang='lat' dir='ltr'>alibi</span> <span class='ocrx_word' id='word_1_254' title='bbox 761 1749 983 1797; x_wconf 87' lang='lat' dir='ltr'>tributum</span> <span class='ocrx_word' id='word_1_255' title='bbox 1003 1747 1065 1794; x_wconf 86' lang='lat' dir='ltr'>est</span> <span class='ocrx_word' id='word_1_256' title='bbox 1094 1750 1120 1793; x_wconf 75' lang='lat' dir='ltr'>a</span> <span class='ocrx_word' id='word_1_257' title='bbox 1137 1747 1268 1793; x_wconf 86' lang='lat' dir='ltr'>nobis</span> <span class='ocrx_word' id='word_1_258' title='bbox 1282 1784 1293 1803; x_wconf 80' lang='lat'>,</span> <span class='ocrx_word' id='word_1_259' title='bbox 1327 1762 1378 1793; x_wconf 87' lang='lat' dir='ltr'>ut</span> <span class='ocrx_word' id='word_1_260' title='bbox 1393 1750 1439 1794; x_wconf 88' lang='lat' dir='ltr'>vi</span> <span class='ocrx_word' id='word_1_261' title='bbox 1466 1747 1551 1794; x_wconf 82' lang='lat' dir='ltr'>illis</span> <span class='ocrx_word' id='word_1_262' title='bbox 1568 1748 1763 1795; x_wconf 75' lang='lat' dir='ltr'>resistere</span> <span class='ocrx_word' id='word_1_263' title='bbox 1784 1750 1956 1796; x_wconf 84' lang='lat' dir='ltr'>licitum</span> 
     </span>
     <span class='ocr_line' id='line_1_26' title="bbox 300 1809 1962 1881; baseline -0.002 -20"><span class='ocrx_word' id='word_1_264' title='bbox 300 1817 513 1881; x_wconf 84' lang='lat' dir='ltr'>piumque</span> <span class='ocrx_word' id='word_1_265' title='bbox 529 1829 620 1860; x_wconf 87' lang='lat' dir='ltr'>non</span> <span class='ocrx_word' id='word_1_266' title='bbox 636 1813 704 1860; x_wconf 82' lang='lat' dir='ltr'>fit.</span> <span class='ocrx_word' id='word_1_267' title='bbox 739 1812 854 1861; x_wconf 84' lang='lat' dir='ltr'>Ideo</span> <span class='ocrx_word' id='word_1_268' title='bbox 876 1813 929 1858; x_wconf 85' lang='lat'>-&amp;</span> <span class='ocrx_word' id='word_1_269' title='bbox 956 1809 1224 1875; x_wconf 80' lang='lat' dir='ltr'>Augustinus</span> <span class='ocrx_word' id='word_1_270' title='bbox 1240 1824 1482 1873; x_wconf 84' lang='lat' dir='ltr'>utrumque</span> <span class='ocrx_word' id='word_1_271' title='bbox 1509 1812 1742 1871; x_wconf 82' lang='lat' dir='ltr'>conjunxit</span> <span class='ocrx_word' id='word_1_272' title='bbox 1758 1827 1862 1858; x_wconf 90' lang='lat' dir='ltr'>cum</span> <span class='ocrx_word' id='word_1_273' title='bbox 1890 1811 1962 1857; x_wconf 79' lang='lat' dir='ltr'>di-</span> 
     </span>
     <span class='ocr_line' id='line_1_27' title="bbox 299 1875 1961 1938; baseline -0.004 -13"><span class='ocrx_word' id='word_1_274' title='bbox 299 1880 396 1925; x_wconf 79' lang='lat' dir='ltr'>xit:</span> <span class='ocrx_word' id='word_1_275' title='bbox 433 1882 537 1924; x_wconf 59' lang='lat' dir='ltr'>Itan}</span> <span class='ocrx_word' id='word_1_276' title='bbox 556 1879 724 1938; x_wconf 76' lang='lat' dir='ltr'>plebibus</span> <span class='ocrx_word' id='word_1_277' title='bbox 737 1883 919 1938; x_wconf 68' lang='lat' dir='ltr'>principes</span> <span class='ocrx_word' id='word_1_278' title='bbox 933 1876 985 1930; x_wconf 60' lang='grc' dir='ltr'>ὁ·</span> <span class='ocrx_word' id='word_1_279' title='bbox 1006 1875 1032 1919; x_wconf 69' lang='grc' dir='ltr'><em>ὰ</em></span> <span class='ocrx_word' id='word_1_280' title='bbox 1042 1876 1169 1933; x_wconf 72' lang='lat' dir='ltr'>servis</span> <span class='ocrx_word' id='word_1_281' title='bbox 1193 1876 1337 1921; x_wconf 76' lang='lat' dir='ltr'>domini</span> <span class='ocrx_word' id='word_1_282' title='bbox 1340 1878 1490 1934; x_wconf 59' lang='lat' dir='ltr'>serendi</span> <span class='ocrx_word' id='word_1_283' title='bbox 1496 1879 1589 1933; x_wconf 85' lang='lat' dir='ltr'>sunt</span> <span class='ocrx_word' id='word_1_284' title='bbox 1602 1911 1614 1929; x_wconf 87' lang='lat'>,</span> <span class='ocrx_word' id='word_1_285' title='bbox 1638 1879 1764 1936; x_wconf 76' lang='lat' dir='ltr'>utsuh</span> <span class='ocrx_word' id='word_1_286' title='bbox 1776 1880 1961 1920; x_wconf 77' lang='lat' dir='ltr'>exercita-</span> 
     </span>
     <span class='ocr_line' id='line_1_28' title="bbox 303 1937 1578 1997; baseline -0.007 -9"><span class='ocrx_word' id='word_1_287' title='bbox 303 1948 406 1988; x_wconf 76' lang='lat' dir='ltr'>mne</span> <span class='ocrx_word' id='word_1_288' title='bbox 421 1944 623 1986; x_wconf 67' lang='lat' dir='ltr'>tolerantia</span> <span class='ocrx_word' id='word_1_289' title='bbox 629 1941 892 1997; x_wconf 80' lang='lat' dir='ltr'>sustineamur</span> <span class='ocrx_word' id='word_1_290' title='bbox 907 1939 1150 1996; x_wconf 78' lang='lat' dir='ltr'>temporalia,</span> <span class='ocrx_word' id='word_1_291' title='bbox 1170 1937 1416 1996; x_wconf 73' lang='lat' dir='ltr'>&amp;sperentur</span> <span class='ocrx_word' id='word_1_292' title='bbox 1429 1952 1578 1981; x_wconf 66' lang='lat' dir='ltr'>aterna.</span> 
     </span>
     <span class='ocr_line' id='line_1_29' title="bbox 365 1996 1962 2060; baseline -0.003 -11"><span class='ocrx_word' id='word_1_293' title='bbox 365 2000 406 2049; x_wconf 93' lang='lat' dir='ltr'>V</span> <span class='ocrx_word' id='word_1_294' title='bbox 422 2001 442 2046; x_wconf 92' lang='lat'>1</span> <span class='ocrx_word' id='word_1_295' title='bbox 459 2000 526 2048; x_wconf 83' lang='grc' dir='ltr'>ΙΙ.</span> <span class='ocrx_word' id='word_1_296' title='bbox 561 1997 714 2046; x_wconf 80' lang='lat' dir='ltr'>Sed&amp;</span> <span class='ocrx_word' id='word_1_297' title='bbox 730 2001 820 2046; x_wconf 90' lang='lat' dir='ltr'>hoc</span> <span class='ocrx_word' id='word_1_298' title='bbox 839 1997 1073 2047; x_wconf 84' lang='lat' dir='ltr'>sciendum</span> <span class='ocrx_word' id='word_1_299' title='bbox 1091 1996 1167 2045; x_wconf 87' lang='lat' dir='ltr'>est,</span> <span class='ocrx_word' id='word_1_300' title='bbox 1184 1998 1253 2057; x_wconf 83' lang='lat' dir='ltr'>jus</span> <span class='ocrx_word' id='word_1_301' title='bbox 1269 1996 1380 2043; x_wconf 87' lang='lat' dir='ltr'>istud</span> <span class='ocrx_word' id='word_1_302' title='bbox 1392 1999 1595 2060; x_wconf 82' lang='lat' dir='ltr'>gentium</span> <span class='ocrx_word' id='word_1_303' title='bbox 1605 1996 1664 2044; x_wconf 88' lang='lat' dir='ltr'>de</span> <span class='ocrx_word' id='word_1_304' title='bbox 1679 2000 1865 2060; x_wconf 87' lang='lat' dir='ltr'>captivis</span> <span class='ocrx_word' id='word_1_305' title='bbox 1881 2012 1962 2045; x_wconf 83' lang='lat' dir='ltr'>nec</span> 
     </span>
     <span class='ocr_line' id='line_1_30' title="bbox 301 2058 1963 2126; baseline -0.002 -16"><span class='ocrx_word' id='word_1_306' title='bbox 301 2060 478 2126; x_wconf 85' lang='lat' dir='ltr'>semper</span> <span class='ocrx_word' id='word_1_307' title='bbox 490 2077 724 2124; x_wconf 85' lang='lat' dir='ltr'>receptum</span> <span class='ocrx_word' id='word_1_308' title='bbox 742 2061 882 2109; x_wconf 86' lang='lat' dir='ltr'>fuiffe.</span> <span class='ocrx_word' id='word_1_309' title='bbox 903 2075 985 2107; x_wconf 87' lang='lat' dir='ltr'>nec</span> <span class='ocrx_word' id='word_1_310' title='bbox 999 2058 1119 2122; x_wconf 83' lang='lat' dir='ltr'>apud</span> <span class='ocrx_word' id='word_1_311' title='bbox 1137 2072 1295 2123; x_wconf 79' lang='lat' dir='ltr'>gentes</span> <span class='ocrx_word' id='word_1_312' title='bbox 1311 2074 1471 2106; x_wconf 84' lang='lat' dir='ltr'>omnes</span> <span class='ocrx_word' id='word_1_313' title='bbox 1489 2076 1500 2107; x_wconf 89' lang='lat'>:</span> <span class='ocrx_word' id='word_1_314' title='bbox 1519 2075 1768 2123; x_wconf 83' lang='lat' dir='ltr'>quanquam</span> <span class='ocrx_word' id='word_1_315' title='bbox 1788 2061 1963 2107; x_wconf 84' lang='lat' dir='ltr'>Roma-</span> 
     </span>
     <span class='ocr_line' id='line_1_31' title="bbox 301 2122 1961 2185; baseline -0.004 -12"><span class='ocrx_word' id='word_1_316' title='bbox 301 2127 347 2173; x_wconf 85' lang='lat' dir='ltr'>ni</span> <span class='ocrx_word' id='word_1_317' title='bbox 363 2122 665 2173; x_wconf 82' lang='lat' dir='ltr'>Iurisconsulti</span> <span class='ocrx_word' id='word_1_318' title='bbox 694 2122 1001 2171; x_wconf 82' lang='lat' dir='ltr'>universaliter</span> <span class='ocrx_word' id='word_1_319' title='bbox 1019 2123 1269 2184; x_wconf 84' lang='lat' dir='ltr'>loquuntur</span> <span class='ocrx_word' id='word_1_320' title='bbox 1289 2160 1298 2177; x_wconf 94' lang='lat'>,</span> <span class='ocrx_word' id='word_1_321' title='bbox 1334 2135 1511 2185; x_wconf 83' lang='lat' dir='ltr'>partem</span> <span class='ocrx_word' id='word_1_322' title='bbox 1530 2124 1757 2168; x_wconf 86' lang='lat' dir='ltr'>notiorem</span> <span class='ocrx_word' id='word_1_323' title='bbox 1786 2122 1961 2182; x_wconf 67' lang='lat' dir='ltr'>indige-</span> 
     </span>
     <span class='ocr_line' id='line_1_32' title="bbox 306 2179 1960 2248; baseline -0.003 -13"><span class='ocrx_word' id='word_1_324' title='bbox 306 2202 456 2235; x_wconf 87' lang='lat' dir='ltr'>tantes</span> <span class='ocrx_word' id='word_1_325' title='bbox 471 2188 616 2234; x_wconf 83' lang='lat' dir='ltr'>totius</span> <span class='ocrx_word' id='word_1_326' title='bbox 631 2188 832 2233; x_wconf 89' lang='lat' dir='ltr'>nomine.</span> <span class='ocrx_word' id='word_1_327' title='bbox 868 2185 944 2232; x_wconf 89' lang='lat' dir='ltr'>Sic</span> <span class='ocrx_word' id='word_1_328' title='bbox 960 2191 985 2217; x_wconf 84' lang='lat'><em>*</em></span> <span class='ocrx_word' id='word_1_329' title='bbox 1002 2184 1120 2248; x_wconf 86' lang='lat' dir='ltr'>apud</span> <span class='ocrx_word' id='word_1_330' title='bbox 1136 2183 1373 2239; x_wconf 81' lang='lat' dir='ltr'>Hebraeos,</span> <span class='ocrx_word' id='word_1_331' title='bbox 1394 2186 1469 2246; x_wconf 88' lang='lat' dir='ltr'>qui</span> <span class='ocrx_word' id='word_1_332' title='bbox 1486 2183 1743 2247; x_wconf 83' lang='lat' dir='ltr'>specialibus</span> <span class='ocrx_word' id='word_1_333' title='bbox 1759 2179 1960 2230; x_wconf 81' lang='lat' dir='ltr'>institutis</span> 
     </span>
     <span class='ocr_line' id='line_1_33' title="bbox 301 2243 2154 2313; baseline -0.004 -15"><span class='ocrx_word' id='word_1_334' title='bbox 301 2248 361 2298; x_wconf 81' lang='lat' dir='ltr'>ab</span> <span class='ocrx_word' id='word_1_335' title='bbox 377 2250 572 2298; x_wconf 87' lang='lat' dir='ltr'>aliorum</span> <span class='ocrx_word' id='word_1_336' title='bbox 588 2248 863 2313; x_wconf 85' lang='lat' dir='ltr'>populorum</span> <span class='ocrx_word' id='word_1_337' title='bbox 877 2249 1209 2295; x_wconf 84' lang='lat' dir='ltr'>communitate</span> <span class='ocrx_word' id='word_1_338' title='bbox 1223 2245 1580 2310; x_wconf 81' lang='lat' dir='ltr'>segregabantur,</span> <span class='ocrx_word' id='word_1_339' title='bbox 1597 2245 1852 2309; x_wconf 68' lang='lat' dir='ltr'>perfugium</span> <span class='ocrx_word' id='word_1_340' title='bbox 1865 2259 1960 2291; x_wconf 88' lang='lat' dir='ltr'>erat</span> <span class='ocrx_word' id='word_1_341' title='bbox 1980 2243 2154 2275; x_wconf 69' lang='lat' dir='ltr'>Deuaemn.</span> 
     </span>
     <span class='ocr_line' id='line_1_34' title="bbox 302 2292 2190 2370; baseline -0.004 -10"><span class='ocrx_word' id='word_1_342' title='bbox 302 2311 443 2360; x_wconf 85' lang='lat' dir='ltr'>servis</span> <span class='ocrx_word' id='word_1_343' title='bbox 457 2349 468 2368; x_wconf 89' lang='lat'><strong>,</strong></span> <span class='ocrx_word' id='word_1_344' title='bbox 505 2312 718 2358; x_wconf 87' lang='lat' dir='ltr'>nimirum</span> <span class='ocrx_word' id='word_1_345' title='bbox 734 2325 784 2357; x_wconf 86' lang='lat' dir='ltr'>ut</span> <span class='ocrx_word' id='word_1_346' title='bbox 801 2309 919 2358; x_wconf 57' lang='lat' dir='ltr'>recte</span> <span class='ocrx_word' id='word_1_347' title='bbox 929 2324 1089 2357; x_wconf 85' lang='lat' dir='ltr'>notant</span> <span class='ocrx_word' id='word_1_348' title='bbox 1106 2311 1373 2370; x_wconf 85' lang='lat' dir='ltr'>interpretes</span> <span class='ocrx_word' id='word_1_349' title='bbox 1387 2345 1398 2360; x_wconf 89' lang='lat'><em>,</em></span> <span class='ocrx_word' id='word_1_350' title='bbox 1432 2310 1501 2355; x_wconf 83' lang='lat' dir='ltr'>his</span> <span class='ocrx_word' id='word_1_351' title='bbox 1516 2309 1592 2369; x_wconf 88' lang='lat' dir='ltr'>qui</span> <span class='ocrx_word' id='word_1_352' title='bbox 1610 2308 1725 2355; x_wconf 84' lang='lat' dir='ltr'>nulla</span> <span class='ocrx_word' id='word_1_353' title='bbox 1740 2308 1809 2353; x_wconf 86' lang='lat' dir='ltr'>sua</span> <span class='ocrx_word' id='word_1_354' title='bbox 1828 2310 1960 2369; x_wconf 85' lang='lat' dir='ltr'>culpa</span> <span class='ocrx_word' id='word_1_355' title='bbox 1979 2297 2047 2323; x_wconf 63' lang='lat'>&#39;³¹¹</span> <span class='ocrx_word' id='word_1_356' title='bbox 2058 2296 2116 2331; x_wconf 84' lang='lat'>¹¹’</span> <span class='ocrx_word' id='word_1_357' title='bbox 2134 2292 2190 2331; x_wconf 78' lang='lat'>¹5⁸</span> 
     </span>
     <span class='ocr_line' id='line_1_35' title="bbox 304 2368 1958 2434; baseline -0.005 -11"><span class='ocrx_word' id='word_1_358' title='bbox 304 2376 352 2423; x_wconf 91' lang='lat' dir='ltr'>in</span> <span class='ocrx_word' id='word_1_359' title='bbox 369 2391 470 2422; x_wconf 84' lang='lat' dir='ltr'>eam</span> <span class='ocrx_word' id='word_1_360' title='bbox 486 2373 791 2421; x_wconf 83' lang='lat' dir='ltr'>calamitatem</span> <span class='ocrx_word' id='word_1_361' title='bbox 808 2373 1108 2421; x_wconf 80' lang='lat' dir='ltr'>devenerant:</span> <span class='ocrx_word' id='word_1_362' title='bbox 1142 2371 1259 2434; x_wconf 87' lang='lat' dir='ltr'>quali</span> <span class='ocrx_word' id='word_1_363' title='bbox 1273 2387 1331 2418; x_wconf 84' lang='lat' dir='ltr'>ex</span> <span class='ocrx_word' id='word_1_364' title='bbox 1346 2370 1472 2418; x_wconf 83' lang='lat' dir='ltr'>causa</span> <span class='ocrx_word' id='word_1_365' title='bbox 1487 2369 1631 2418; x_wconf 80' lang='lat' dir='ltr'>videri</span> <span class='ocrx_word' id='word_1_366' title='bbox 1647 2368 1788 2432; x_wconf 87' lang='lat' dir='ltr'>potest</span> <span class='ocrx_word' id='word_1_367' title='bbox 1805 2383 1958 2415; x_wconf 91' lang='lat' dir='ltr'>ortum</span> 
     </span>
     <span class='ocr_line' id='line_1_36' title="bbox 303 2430 2190 2501; baseline -0.005 -17"><span class='ocrx_word' id='word_1_368' title='bbox 303 2439 377 2500; x_wconf 86' lang='lat' dir='ltr'>jus</span> <span class='ocrx_word' id='word_1_369' title='bbox 393 2435 522 2501; x_wconf 87' lang='lat' dir='ltr'>quod</span> <span class='ocrx_word' id='word_1_370' title='bbox 537 2438 581 2482; x_wconf 90' lang='lat' dir='ltr'>in</span> <span class='ocrx_word' id='word_1_371' title='bbox 594 2434 692 2482; x_wconf 91' lang='lat' dir='ltr'>solo</span> <span class='ocrx_word' id='word_1_372' title='bbox 709 2435 985 2482; x_wconf 82' lang='lat' dir='ltr'>Francorum</span> <span class='ocrx_word' id='word_1_373' title='bbox 1001 2433 1137 2480; x_wconf 87' lang='lat' dir='ltr'>servis</span> <span class='ocrx_word' id='word_1_374' title='bbox 1154 2434 1286 2479; x_wconf 86' lang='lat' dir='ltr'>datur</span> <span class='ocrx_word' id='word_1_375' title='bbox 1300 2430 1605 2495; x_wconf 84' lang='lat' dir='ltr'>proclamandi</span> <span class='ocrx_word' id='word_1_376' title='bbox 1621 2433 1664 2476; x_wconf 87' lang='lat' dir='ltr'>in</span> <span class='ocrx_word' id='word_1_377' title='bbox 1680 2431 1953 2487; x_wconf 83' lang='lat' dir='ltr'>libertatem,</span> <span class='ocrx_word' id='word_1_378' title='bbox 1977 2434 2059 2469; x_wconf 52' lang='lat' dir='ltr'>Bodtk</span> <span class='ocrx_word' id='word_1_379' title='bbox 2073 2434 2112 2468; x_wconf 74' lang='lat' dir='ltr'>de</span> <span class='ocrx_word' id='word_1_380' title='bbox 2124 2441 2190 2481; x_wconf 76' lang='lat' dir='ltr'>rep·</span> 
     </span>
     <span class='ocr_line' id='line_1_37' title="bbox 305 2482 2141 2563; baseline -0.005 -16"><span class='ocrx_word' id='word_1_381' title='bbox 305 2516 426 2563; x_wconf 86' lang='lat' dir='ltr'>quan</span> <span class='ocrx_word' id='word_1_382' title='bbox 459 2514 563 2545; x_wconf 88' lang='lat' dir='ltr'>uam</span> <span class='ocrx_word' id='word_1_383' title='bbox 581 2498 630 2545; x_wconf 91' lang='lat' dir='ltr'>id</span> <span class='ocrx_word' id='word_1_384' title='bbox 644 2514 760 2544; x_wconf 86' lang='lat' dir='ltr'>nunc</span> <span class='ocrx_word' id='word_1_385' title='bbox 773 2496 956 2560; x_wconf 85' lang='lat' dir='ltr'>quidem</span> <span class='ocrx_word' id='word_1_386' title='bbox 973 2513 1064 2542; x_wconf 86' lang='lat' dir='ltr'>non</span> <span class='ocrx_word' id='word_1_387' title='bbox 1081 2511 1256 2543; x_wconf 83' lang='lat' dir='ltr'>tantum</span> <span class='ocrx_word' id='word_1_388' title='bbox 1275 2495 1397 2542; x_wconf 88' lang='lat' dir='ltr'>bello</span> <span class='ocrx_word' id='word_1_389' title='bbox 1412 2492 1646 2558; x_wconf 82' lang='lat' dir='ltr'>captis,sed</span> <span class='ocrx_word' id='word_1_390' title='bbox 1669 2493 1719 2539; x_wconf 71' lang='grc' dir='ltr'>δε</span> <span class='ocrx_word' id='word_1_391' title='bbox 1735 2493 1828 2539; x_wconf 86' lang='lat' dir='ltr'>aliis</span> <span class='ocrx_word' id='word_1_392' title='bbox 1844 2509 1955 2556; x_wconf 88' lang='lat' dir='ltr'>qua·</span> <span class='ocrx_word' id='word_1_393' title='bbox 1973 2482 2141 2525; x_wconf 71' lang='lat'>‘&#39;⁶&#39;“¹&#39;5·</span> 
     </span>
     <span class='ocr_line' id='line_1_38' title="bbox 304 2515 2082 2611; baseline -0.006 0"><span class='ocrx_word' id='word_1_394' title='bbox 304 2515 524 2611; x_wconf 71' lang='lat' dir='ltr'>libussil3et</span> <span class='ocrx_word' id='word_1_395' title='bbox 538 2560 676 2608; x_wconf 90' lang='lat' dir='ltr'>servis</span> <span class='ocrx_word' id='word_1_396' title='bbox 692 2560 901 2608; x_wconf 86' lang='lat' dir='ltr'>videmus</span> <span class='ocrx_word' id='word_1_397' title='bbox 915 2559 1029 2605; x_wconf 86' lang='lat' dir='ltr'>dari.</span> <span class='ocrx_word' id='word_1_398' title='bbox 2077 2603 2082 2609; x_wconf 63' lang='grc'><em>,</em></span> 
     </span>
     <span class='ocr_line' id='line_1_39' title="bbox 374 2603 2192 2692; baseline -0.004 -20"><span class='ocrx_word' id='word_1_399' title='bbox 374 2623 471 2672; x_wconf 86' lang='grc' dir='ltr'>ΙΧ.</span> <span class='ocrx_word' id='word_1_400' title='bbox 503 2624 528 2651; x_wconf 80' lang='grc'>*</span> <span class='ocrx_word' id='word_1_401' title='bbox 564 2621 660 2669; x_wconf 87' lang='lat' dir='ltr'>Sed</span> <span class='ocrx_word' id='word_1_402' title='bbox 678 2623 726 2668; x_wconf 87' lang='lat'>&amp;</span> <span class='ocrx_word' id='word_1_403' title='bbox 752 2622 1013 2670; x_wconf 85' lang='lat' dir='ltr'>Christianis</span> <span class='ocrx_word' id='word_1_404' title='bbox 1042 2622 1086 2667; x_wconf 86' lang='lat' dir='ltr'>in</span> <span class='ocrx_word' id='word_1_405' title='bbox 1106 2619 1357 2666; x_wconf 86' lang='lat' dir='ltr'>universum</span> <span class='ocrx_word' id='word_1_406' title='bbox 1376 2616 1539 2678; x_wconf 80' lang='lat' dir='ltr'>placuit</span> <span class='ocrx_word' id='word_1_407' title='bbox 1567 2615 1689 2663; x_wconf 88' lang='lat' dir='ltr'>bello</span> <span class='ocrx_word' id='word_1_408' title='bbox 1705 2618 1821 2664; x_wconf 89' lang='lat' dir='ltr'>inter</span> <span class='ocrx_word' id='word_1_409' title='bbox 1836 2618 1957 2680; x_wconf 81' lang='lat' dir='ltr'>ipsos</span> <span class='ocrx_word' id='word_1_410' title='bbox 1975 2603 2143 2692; x_wconf 42' lang='lat' dir='ltr'>{522³ss</span> <span class='ocrx_word' id='word_1_411' title='bbox 2151 2649 2192 2683; x_wconf 69' lang='lat' dir='ltr'>Ae</span> 
     </span>
     <span class='ocr_line' id='line_1_40' title="bbox 309 2672 2193 2747; baseline -0.003 -12"><span class='ocrx_word' id='word_1_412' title='bbox 309 2702 420 2735; x_wconf 89' lang='lat' dir='ltr'>orto</span> <span class='ocrx_word' id='word_1_413' title='bbox 436 2699 593 2747; x_wconf 85' lang='lat' dir='ltr'>captos</span> <span class='ocrx_word' id='word_1_414' title='bbox 609 2683 761 2732; x_wconf 85' lang='lat' dir='ltr'>servos</span> <span class='ocrx_word' id='word_1_415' title='bbox 779 2702 868 2731; x_wconf 89' lang='lat' dir='ltr'>non</span> <span class='ocrx_word' id='word_1_416' title='bbox 885 2685 996 2739; x_wconf 84' lang='lat' dir='ltr'>fieri,</span> <span class='ocrx_word' id='word_1_417' title='bbox 1014 2685 1078 2729; x_wconf 86' lang='lat' dir='ltr'>ita</span> <span class='ocrx_word' id='word_1_418' title='bbox 1095 2698 1142 2728; x_wconf 86' lang='lat' dir='ltr'>ut</span> <span class='ocrx_word' id='word_1_419' title='bbox 1161 2682 1292 2729; x_wconf 89' lang='lat' dir='ltr'>vendi</span> <span class='ocrx_word' id='word_1_420' title='bbox 1311 2677 1551 2743; x_wconf 84' lang='lat' dir='ltr'>poffint‚ad</span> <span class='ocrx_word' id='word_1_421' title='bbox 1569 2693 1732 2742; x_wconf 84' lang='lat' dir='ltr'>operas</span> <span class='ocrx_word' id='word_1_422' title='bbox 1744 2681 1891 2744; x_wconf 83' lang='lat' dir='ltr'>urgeri</span> <span class='ocrx_word' id='word_1_423' title='bbox 1901 2681 1959 2727; x_wconf 63' lang='grc' dir='ltr'>,δι’</span> <span class='ocrx_word' id='word_1_424' title='bbox 1979 2672 2193 2738; x_wconf 49' lang='lat' dir='ltr'>caprscav&#39;a‘r.</span> 
     </span>
     <span class='ocr_line' id='line_1_41' title="bbox 311 2737 2168 2812; baseline -0.007 -15"><span class='ocrx_word' id='word_1_425' title='bbox 311 2751 399 2798; x_wconf 82' lang='lat' dir='ltr'>alia</span> <span class='ocrx_word' id='word_1_426' title='bbox 413 2750 505 2812; x_wconf 85' lang='lat' dir='ltr'>pati</span> <span class='ocrx_word' id='word_1_427' title='bbox 555 2764 618 2796; x_wconf 83' lang='lat' dir='ltr'>uae</span> <span class='ocrx_word' id='word_1_428' title='bbox 631 2747 865 2795; x_wconf 87' lang='lat' dir='ltr'>servorum</span> <span class='ocrx_word' id='word_1_429' title='bbox 880 2746 976 2794; x_wconf 89' lang='lat' dir='ltr'>sunt</span> <span class='ocrx_word' id='word_1_430' title='bbox 997 2764 1008 2793; x_wconf 93' lang='lat'><strong>:</strong></span> <span class='ocrx_word' id='word_1_431' title='bbox 1039 2746 1206 2791; x_wconf 85' lang='lat' dir='ltr'>merito</span> <span class='ocrx_word' id='word_1_432' title='bbox 1225 2746 1350 2800; x_wconf 83' lang='lat' dir='ltr'>sane3</span> <span class='ocrx_word' id='word_1_433' title='bbox 1382 2741 1482 2802; x_wconf 87' lang='lat' dir='ltr'>quia</span> <span class='ocrx_word' id='word_1_434' title='bbox 1512 2737 1568 2785; x_wconf 85' lang='lat' dir='ltr'>ab</span> <span class='ocrx_word' id='word_1_435' title='bbox 1594 2743 1744 2788; x_wconf 87' lang='lat' dir='ltr'>omnis</span> <span class='ocrx_word' id='word_1_436' title='bbox 1760 2743 1959 2788; x_wconf 84' lang='lat' dir='ltr'>caritatis</span> <span class='ocrx_word' id='word_1_437' title='bbox 1977 2752 2009 2773; x_wconf 62' lang='grc' dir='ltr'><em>ἠ</em></span> <span class='ocrx_word' id='word_1_438' title='bbox 2024 2750 2168 2785; x_wconf 54' lang='lat' dir='ltr'>apem-</span> 
     </span>
     <span class='ocr_line' id='line_1_42' title="bbox 309 2795 2194 2870; baseline -0.005 -13"><span class='ocrx_word' id='word_1_439' title='bbox 309 2825 525 2858; x_wconf 89' lang='lat' dir='ltr'>commen</span> <span class='ocrx_word' id='word_1_440' title='bbox 563 2825 693 2856; x_wconf 86' lang='lat' dir='ltr'>atore</span> <span class='ocrx_word' id='word_1_441' title='bbox 723 2809 881 2856; x_wconf 60' lang='lat' dir='ltr'>reclius</span> <span class='ocrx_word' id='word_1_442' title='bbox 898 2809 1078 2854; x_wconf 86' lang='lat' dir='ltr'>instituti</span> <span class='ocrx_word' id='word_1_443' title='bbox 1097 2822 1222 2853; x_wconf 88' lang='lat' dir='ltr'>erant</span> <span class='ocrx_word' id='word_1_444' title='bbox 1254 2819 1332 2853; x_wconf 86' lang='lat' dir='ltr'>aut</span> <span class='ocrx_word' id='word_1_445' title='bbox 1358 2802 1441 2849; x_wconf 76' lang='lat' dir='ltr'>esse</span> <span class='ocrx_word' id='word_1_446' title='bbox 1473 2800 1695 2849; x_wconf 84' lang='lat' dir='ltr'>debebant</span> <span class='ocrx_word' id='word_1_447' title='bbox 1723 2818 1853 2865; x_wconf 86' lang='lat' dir='ltr'>quam</span> <span class='ocrx_word' id='word_1_448' title='bbox 1870 2818 1919 2848; x_wconf 90' lang='lat' dir='ltr'>ut</span> <span class='ocrx_word' id='word_1_449' title='bbox 1935 2806 1960 2848; x_wconf 76' lang='lat' dir='ltr'>a</span> <span class='ocrx_word' id='word_1_450' title='bbox 1979 2795 2194 2870; x_wconf 51' lang='lat' dir='ltr'>‘¹“s&#39;⁷ff¹6¹”·</span> 
     </span>
     <span class='ocr_line' id='line_1_43' title="bbox 310 2857 2194 2927; baseline -0.003 -6"><span class='ocrx_word' id='word_1_451' title='bbox 310 2874 482 2921; x_wconf 89' lang='lat' dir='ltr'>miseris</span> <span class='ocrx_word' id='word_1_452' title='bbox 494 2871 750 2919; x_wconf 83' lang='lat' dir='ltr'>hominibus</span> <span class='ocrx_word' id='word_1_453' title='bbox 767 2871 1081 2917; x_wconf 85' lang='lat' dir='ltr'>interficiendis</span> <span class='ocrx_word' id='word_1_454' title='bbox 1096 2868 1256 2915; x_wconf 87' lang='lat' dir='ltr'>abduci</span> <span class='ocrx_word' id='word_1_455' title='bbox 1276 2866 1508 2927; x_wconf 87' lang='lat' dir='ltr'>nequirent</span> <span class='ocrx_word' id='word_1_456' title='bbox 1524 2902 1535 2919; x_wconf 88' lang='lat'>‚</span> <span class='ocrx_word' id='word_1_457' title='bbox 1554 2865 1630 2911; x_wconf 85' lang='lat' dir='ltr'>nifi</span> <span class='ocrx_word' id='word_1_458' title='bbox 1645 2865 1832 2912; x_wconf 86' lang='lat' dir='ltr'>minoris</span> <span class='ocrx_word' id='word_1_459' title='bbox 1844 2862 1963 2911; x_wconf 86' lang='lat' dir='ltr'>saevi—</span> <span class='ocrx_word' id='word_1_460' title='bbox 1981 2857 2058 2913; x_wconf 61' lang='lat' dir='ltr'>mci.</span> <span class='ocrx_word' id='word_1_461' title='bbox 2077 2861 2194 2927; x_wconf 69' lang='lat' dir='ltr'>dejure</span> 
     </span>
     <span class='ocr_line' id='line_1_44' title="bbox 311 2924 2174 2995; baseline -0.006 -12"><span class='ocrx_word' id='word_1_462' title='bbox 311 2937 383 2983; x_wconf 81' lang='lat' dir='ltr'>tiae</span> <span class='ocrx_word' id='word_1_463' title='bbox 399 2934 703 2981; x_wconf 81' lang='lat' dir='ltr'>conceffione.</span> <span class='ocrx_word' id='word_1_464' title='bbox 739 2934 891 2995; x_wconf 84' lang='lat' dir='ltr'>Atque</span> <span class='ocrx_word' id='word_1_465' title='bbox 914 2935 1005 2980; x_wconf 90' lang='lat' dir='ltr'>hoc</span> <span class='ocrx_word' id='word_1_466' title='bbox 1037 2936 1062 2977; x_wconf 74' lang='lat' dir='ltr'>a</span> <span class='ocrx_word' id='word_1_467' title='bbox 1079 2931 1325 2992; x_wconf 85' lang='lat' dir='ltr'>majoribus</span> <span class='ocrx_word' id='word_1_468' title='bbox 1342 2927 1399 2973; x_wconf 87' lang='lat' dir='ltr'>ad</span> <span class='ocrx_word' id='word_1_469' title='bbox 1413 2926 1616 2986; x_wconf 84' lang='lat' dir='ltr'>posteros</span> <span class='ocrx_word' id='word_1_470' title='bbox 1629 2926 1803 2988; x_wconf 86' lang='lat' dir='ltr'>pridem</span> <span class='ocrx_word' id='word_1_471' title='bbox 1820 2924 1961 2972; x_wconf 84' lang='lat' dir='ltr'>trans·</span> <span class='ocrx_word' id='word_1_472' title='bbox 1981 2925 2064 2967; x_wconf 52' lang='lat' dir='ltr'>bem,</span> <span class='ocrx_word' id='word_1_473' title='bbox 2077 2938 2174 2972; x_wconf 83' lang='lat' dir='ltr'>n-42·</span> 
     </span>
     <span class='ocr_line' id='line_1_45' title="bbox 312 2974 2172 3059; baseline -0.008 -13"><span class='ocrx_word' id='word_1_474' title='bbox 312 2997 404 3046; x_wconf 81' lang='lat' dir='ltr'>iiffe</span> <span class='ocrx_word' id='word_1_475' title='bbox 413 2999 532 3044; x_wconf 86' lang='lat' dir='ltr'>inter</span> <span class='ocrx_word' id='word_1_476' title='bbox 547 3012 627 3043; x_wconf 87' lang='lat' dir='ltr'>eos</span> <span class='ocrx_word' id='word_1_477' title='bbox 640 2998 716 3059; x_wconf 90' lang='lat' dir='ltr'>qui</span> <span class='ocrx_word' id='word_1_478' title='bbox 729 2995 917 3042; x_wconf 88' lang='lat' dir='ltr'>eandem</span> <span class='ocrx_word' id='word_1_479' title='bbox 937 2996 1204 3058; x_wconf 84' lang='lat' dir='ltr'>religionem</span> <span class='ocrx_word' id='word_1_480' title='bbox 1217 2991 1533 3055; x_wconf 82' lang='lat' dir='ltr'>profiterentur</span> <span class='ocrx_word' id='word_1_481' title='bbox 1544 2987 1714 3050; x_wconf 79' lang='lat' dir='ltr'>scripsit</span> <span class='ocrx_word' id='word_1_482' title='bbox 1741 2993 1765 3019; x_wconf 87' lang='lat'><strong><em>*</em></strong></span> <span class='ocrx_word' id='word_1_483' title='bbox 1782 2989 1963 3052; x_wconf 79' lang='lat' dir='ltr'>Grego-</span> <span class='ocrx_word' id='word_1_484' title='bbox 1982 2974 2066 3054; x_wconf 52' lang='lat'>{1²}</span> <span class='ocrx_word' id='word_1_485' title='bbox 2077 2974 2172 3021; x_wconf 66' lang='lat' dir='ltr'>deus.</span> 
     </span>
     <span class='ocr_line' id='line_1_46' title="bbox 313 3047 2196 3120; baseline -0.006 -12"><span class='ocrx_word' id='word_1_486' title='bbox 313 3075 386 3108; x_wconf 87' lang='lat' dir='ltr'>ras</span> <span class='ocrx_word' id='word_1_487' title='bbox 401 3097 414 3116; x_wconf 88' lang='lat'><strong>,</strong></span> <span class='ocrx_word' id='word_1_488' title='bbox 444 3074 525 3105; x_wconf 90' lang='lat' dir='ltr'>nec</span> <span class='ocrx_word' id='word_1_489' title='bbox 541 3075 703 3105; x_wconf 87' lang='lat' dir='ltr'>eorum</span> <span class='ocrx_word' id='word_1_490' title='bbox 717 3056 840 3104; x_wconf 78' lang='lat' dir='ltr'>fuisse</span> <span class='ocrx_word' id='word_1_491' title='bbox 855 3073 939 3120; x_wconf 90' lang='lat' dir='ltr'>pro</span> <span class='ocrx_word' id='word_1_492' title='bbox 973 3059 1086 3103; x_wconf 87' lang='lat' dir='ltr'>rium</span> <span class='ocrx_word' id='word_1_493' title='bbox 1100 3058 1175 3116; x_wconf 85' lang='lat' dir='ltr'>qni</span> <span class='ocrx_word' id='word_1_494' title='bbox 1204 3055 1279 3102; x_wconf 90' lang='lat' dir='ltr'>sub</span> <span class='ocrx_word' id='word_1_495' title='bbox 1305 3051 1516 3097; x_wconf 84' lang='lat' dir='ltr'>Romano</span> <span class='ocrx_word' id='word_1_496' title='bbox 1534 3052 1725 3113; x_wconf 84' lang='lat' dir='ltr'>imperio</span> <span class='ocrx_word' id='word_1_497' title='bbox 1743 3052 1960 3105; x_wconf 83' lang='lat' dir='ltr'>viverent,</span> <span class='ocrx_word' id='word_1_498' title='bbox 1982 3047 2105 3099; x_wconf 45' lang='lat' dir='ltr'>silva„</span> <span class='ocrx_word' id='word_1_499' title='bbox 2120 3080 2196 3103; x_wconf 71' lang='lat' dir='ltr'>ver-</span> 
     </span>
     <span class='ocr_line' id='line_1_47' title="bbox 314 3111 2196 3178; baseline -0.006 -8"><span class='ocrx_word' id='word_1_500' title='bbox 314 3122 392 3171; x_wconf 81' lang='lat' dir='ltr'>sed</span> <span class='ocrx_word' id='word_1_501' title='bbox 406 3137 652 3168; x_wconf 88' lang='lat' dir='ltr'>commune</span> <span class='ocrx_word' id='word_1_502' title='bbox 665 3136 770 3167; x_wconf 90' lang='lat' dir='ltr'>cum</span> <span class='ocrx_word' id='word_1_503' title='bbox 787 3119 947 3166; x_wconf 82' lang='lat' dir='ltr'>Theffa</span> <span class='ocrx_word' id='word_1_504' title='bbox 969 3122 1003 3166; x_wconf 90' lang='lat' dir='ltr'>is</span> <span class='ocrx_word' id='word_1_505' title='bbox 1023 3155 1032 3168; x_wconf 92' lang='lat'><em>,</em></span> <span class='ocrx_word' id='word_1_506' title='bbox 1053 3119 1215 3178; x_wconf 80' lang='lat' dir='ltr'>Illyriis</span> <span class='ocrx_word' id='word_1_507' title='bbox 1227 3156 1237 3172; x_wconf 74' lang='lat'>‚</span> <span class='ocrx_word' id='word_1_508' title='bbox 1279 3112 1490 3161; x_wconf 82' lang='lat' dir='ltr'>Triballis</span> <span class='ocrx_word' id='word_1_509' title='bbox 1509 3115 1554 3158; x_wconf 77' lang='grc' dir='ltr'>δε</span> <span class='ocrx_word' id='word_1_510' title='bbox 1569 3111 1785 3175; x_wconf 77' lang='lat' dir='ltr'>Bulgaris.</span> <span class='ocrx_word' id='word_1_511' title='bbox 1819 3113 1966 3173; x_wconf 83' lang='lat' dir='ltr'>Atque</span> <span class='ocrx_word' id='word_1_512' title='bbox 1984 3112 2196 3159; x_wconf 61' lang='lat' dir='ltr'>bvbfllumn.</span> 
     </span>
     <span class='ocr_line' id='line_1_48' title="bbox 315 3170 2123 3245; baseline -0.006 -13"><span class='ocrx_word' id='word_1_513' title='bbox 315 3187 380 3233; x_wconf 84' lang='lat' dir='ltr'>ita</span> <span class='ocrx_word' id='word_1_514' title='bbox 397 3184 486 3230; x_wconf 85' lang='lat' dir='ltr'>hoc</span> <span class='ocrx_word' id='word_1_515' title='bbox 503 3181 678 3237; x_wconf 85' lang='lat' dir='ltr'>saltem,</span> <span class='ocrx_word' id='word_1_516' title='bbox 695 3198 949 3244; x_wconf 84' lang='lat' dir='ltr'>quanquam</span> <span class='ocrx_word' id='word_1_517' title='bbox 967 3180 1263 3245; x_wconf 78' lang='lat' dir='ltr'>exiguumest,</span> <span class='ocrx_word' id='word_1_518' title='bbox 1277 3174 1466 3240; x_wconf 78' lang='lat' dir='ltr'>perfecit</span> <span class='ocrx_word' id='word_1_519' title='bbox 1487 3176 1733 3221; x_wconf 76' lang='lat' dir='ltr'>reverentia</span> <span class='ocrx_word' id='word_1_520' title='bbox 1754 3173 1969 3221; x_wconf 82' lang='lat' dir='ltr'>Christia-</span> <span class='ocrx_word' id='word_1_521' title='bbox 1988 3170 2123 3241; x_wconf 45' lang='lat' dir='ltr'>&#39;222⁷&#39;ss</span> 
     </span>
    </p>
   </div>
   <div class='ocr_carea' id='block_1_3' title="bbox 316 3236 2153 3356">
    <p class='ocr_par' dir='ltr' id='par_1_3' title="bbox 316 3236 2153 3356">
     <span class='ocr_line' id='line_1_49' title="bbox 316 3236 2153 3342; baseline -0.007 -45"><span class='ocrx_word' id='word_1_522' title='bbox 316 3263 380 3297; x_wconf 84' lang='lat' dir='ltr'>nae</span> <span class='ocrx_word' id='word_1_523' title='bbox 396 3246 507 3312; x_wconf 84' lang='lat' dir='ltr'>legis</span> <span class='ocrx_word' id='word_1_524' title='bbox 526 3281 539 3303; x_wconf 90' lang='lat'>,</span> <span class='ocrx_word' id='word_1_525' title='bbox 559 3244 687 3308; x_wconf 83' lang='lat' dir='ltr'>quod</span> <span class='ocrx_word' id='word_1_526' title='bbox 702 3259 808 3293; x_wconf 84' lang='lat' dir='ltr'>cum</span> <span class='ocrx_word' id='word_1_527' title='bbox 824 3244 992 3294; x_wconf 80' lang='lat' dir='ltr'>Graecis</span> <span class='ocrx_word' id='word_1_528' title='bbox 1008 3257 1124 3292; x_wconf 84' lang='lat' dir='ltr'>mter</span> <span class='ocrx_word' id='word_1_529' title='bbox 1148 3244 1191 3291; x_wconf 83' lang='lat' dir='ltr'>sc</span> <span class='ocrx_word' id='word_1_530' title='bbox 1207 3237 1473 3291; x_wconf 83' lang='lat' dir='ltr'>servandum</span> <span class='ocrx_word' id='word_1_531' title='bbox 1492 3237 1603 3287; x_wconf 89' lang='lat' dir='ltr'>olim</span> <span class='ocrx_word' id='word_1_532' title='bbox 1622 3236 1794 3286; x_wconf 75' lang='lat' dir='ltr'>diceret</span> <span class='ocrx_word' id='word_1_533' title='bbox 1810 3236 1973 3286; x_wconf 84' lang='lat' dir='ltr'>Socra·</span> <span class='ocrx_word' id='word_1_534' title='bbox 1992 3251 2153 3342; x_wconf 39' lang='lat' dir='ltr'>rpem</span> 
     </span>
     <span class='ocr_line' id='line_1_50' title="bbox 1878 3309 2055 3356; baseline -0.011 -10"><span class='ocrx_word' id='word_1_535' title='bbox 1878 3313 1965 3356; x_wconf 72' lang='grc' dir='ltr'>τες,</span> <span class='ocrx_word' id='word_1_536' title='bbox 1988 3309 2020 3330; x_wconf 64' lang='lat'>&#39;⁸‘</span> <span class='ocrx_word' id='word_1_537' title='bbox 2043 3318 2055 3333; x_wconf 92' lang='lat'><strong>·</strong></span> 
     </span>
    </p>
   </div>
  </div>
 </body>
</html>
