2475 3854
759 282 1731 328 AcPACIS,1.IB.11.
1988 297 2060 339 335

411 349 473 399 Et
488 365 583 414 quae
604 352 652 398 in
678 347 831 398 senum
858 364 1038 397 amores
1064 348 1222 412 paffim
1236 351 1281 398 in
1308 352 1549 400 comoediis
1563 353 1769 419 legimus.
1804 356 1875 403 Ex
1891 356 1985 404 hisi
2023 359 2058 397 ’-

412 427 490 522 {ur
507 413 648 461 ,caufis
676 409 979 461 aestirnandum
1006 412 1220 459 meritum
1253 414 1370 460 intra
1402 415 1524 477 quod
1561 431 1694 479 poena
1718 419 1950 466 consistere
1977 373 2059 467 ἕζ-

447 487 534 521 eat.

479 533 590 583 XX
606 533 745 583 XII.
779 533 1050 584 Tenendum
1080 548 1233 583 autem
1258 538 1320 585 est
1350 538 1477 601 quod
1509 538 1799 606 Pythagorici
1816 543 2052 600 dicebant,

412 597 624 657 justitiam
640 598 725 645 effe
742 602 766 630 *
786 598 1078 647 w‘x’u‘hmnbffls
1095 630 1106 649 ,
1140 597 1189 644 id
1206 599 1266 646 est
1295 616 1451 663 parem
1468 602 1713 665 paffionem
1743 605 1788 650 in
1809 607 1950 668 poenis
1965 643 1976 662 ,
2004 605 2054 652 id

413 661 583 707 nonita
597 662 691 707 acci
729 663 742 707 i
759 660 927 708 debere
945 661 1060 722 quasi
1078 661 1153 722 qui
1178 662 1306 709 alteri
1322 664 1476 710 nocuit
1492 662 1743 713 deliberato
1758 668 1803 712 δέ
1822 666 1909 713 fine
1920 668 2056 714 causis

411 722 589 784 culpam
605 722 676 769 val
713 738 736 767 e
753 723 1049 771 minuentibus
1066 723 1332 770 tantundem
1360 729 1618 773 nocumenti
1628 744 1708 775 nec
1724 726 1912 791 amplius
1937 729 2058 775 ferre

413 783 594 830 debeat.
631 784 684 831 Id
702 787 820 832 enim
838 801 929 832 non
941 787 1001 830 ita
1019 784 1103 832 effe
1116 784 1205 846 ipsa
1224 786 1312 842 lex,
1331 803 1425 849 quae
1441 787 1594 851 legum
1612 792 1814 837 omnium
1825 789 2058 853 perfectis-

414 845 573 893 fimum
589 847 820 908 exemplar
846 846 906 893 est
922 884 934 903 ,
969 846 1161 895 ostendit
1177 862 1282 895 cum
1299 847 1420 896 furta
1435 850 1686 912 quadruplo
1715 867 1794 899 aut
1822 855 1972 915 quintu
2008 854 2054 900 lo

413 907 600 956 vultlui.
633 908 693 956 Et
716 909 818 973 lege
834 907 982 955 Attica
998 908 1071 954 fur
1094 912 1119 939 *
1144 909 1259 957 ultra
1279 909 1404 974 dupli
1422 912 1846 962 condemnationem
1862 931 1941 980 per
1956 870 2053 963 dies

413 970 588 1033 aliquot
609 970 776 1020 vinetus
791 968 1062 1024 habebatur,
1075 985 1123 1017 ut
1135 971 1466 1019 Demosthenes
1482 975 1526 1020 in
1542 973 1853 1023 Timocratem
1871 994 1951 1026 nos
1968 978 2056 1025 do-

413 1047 505 1080 cet.
541 1040 665 1095 Leges,
683 1034 827 1096 inquit
845 1032 1106 1080 Ambrosius
1126 1070 1137 1089 ,
1156 1053 1198 1080 ca
1210 1053 1285 1096 qua
1299 1039 1569 1095 detraaei‘lasunt
1594 1040 1708 1083 alicui
1718 1056 1799 1083 cum
1813 1041 1956 1095 injuria
1965 1056 2054 1102 per·
2075 1068 2130 1101 De
2151 1064 2267 1110 offla-,3

407 1096 503 1156 sona
521 1110 593 1142 aut
609 1100 664 1140 rei
677 1096 785 1155 ipfius
800 1099 945 1142 cumulo
954 1098 1099 1152 restitui
1109 1101 1297 1157 imperant
1317 1132 1328 1146 ,
1342 1102 1552 1161 quofurem
1569 1099 1597 1142 ὰ
1614 1102 1848 1146 detrahendo
1860 1118 1930 1147 aut
1936 1117 2054 1162 poena
2079 1123 2159 1152 ιιι,
2177 1125 2206 1147 c.
2226 1123 2261 1160 3.

416 1160 652 1211 deterreant,
668 1171 741 1202 aut
757 1159 897 1203 mulda
912 1174 1098 1203 revocent.
1133 1156 1344 1204 Aristides
1361 1157 1594 1205 LeuCtrica
1611 1161 1823 1208 secunda:
1851 1165 1923 1205 τοῖς
1952 1163 2056 1204 00³}-

415 1213 612 1270 quffl'us
626 1215 781 1266 ἒπεξιὲσι
809 1220 885 1264 τοῖς
898 1215 1103 1263 cauixdum-a
1116 1218 1267 1276 μείζονα
1282 1219 1306 1265 ἢ
1330 1219 1469 1263 καθάἲ
1480 1221 1682 1269 πεπένθτισι
1713 1216 1859 1270 :Nam
1883 1221 1967 1267 w&
1988 1227 2058 1266 -ηἷῖν

413 1278 526 1334 νόμων
544 1278 594 1326 εἰς
620 1282 804 1338 τιμωρίαις
815 1279 933 1341 λὸνν.
951 1285 1021 1326 His
1033 1288 1100 1344 qui
1102 1282 1251 1337 judicio
1264 1286 1391 1329 illatas
1396 1285 1473 1343 fibi
1486 1289 1650 1343 injurias
1655 1289 1948 1347 persequuntur,
1975 1306 2059 1332 ma-

405 1349 498 1404 jora
513 1346 599 1402 leges
621 1350 858 1402 permittunt
867 1359 937 1404 pro
959 1346 1136 1390 vindifia
1151 1350 1292 1405 exigere
1302 1362 1422 1408 quam
1440 1363 1515 1408 qua
1530 1347 1613 1408 ipsis
1626 1350 1863 1395 acciderant.
1891 1345 2057 1395 Seneca

414 1403 476 1451 de
492 1402 667 1463 judicio
685 1403 786 1467 post
801 1405 914 1452 hanc
929 1405 1072 1452 vitam
1093 1420 1105 1452 ε

958 1470 1103 1528 scelera
1116 1483 1306 1516 taxantur
1319 1471 1431 1516 modo

686 1531 836 1586 Majore
858 1531 992 1585 nostra.

412 1591 440 1619 '¹‘
456 1589 590 1653 Apud
605 1588 743 1637 Indos
761 1604 810 1636 ut
837 1588 1005 1637 Strabo
1019 1604 1163 1646 notat,
1182 1590 1254 1652 qui
1273 1606 1407 1653 quem
1426 1593 1811 1657 mutilaffet,fi1pra
1821 1594 2053 1652 talionem,
2075 1600 2147 1634 Lib·
2159 1610 2218 1636 xv.

413 1668 547 1701 manu
564 1651 868 1700 truncabat-ur.
902 1652 960 1699 Et
982 1654 1027 1699 in
1042 1652 1221 1712 Magnis
1237 1652 1492 1702 Moralibus
1517 1674 1609 1717 quae
1625 1656 1874 1703 Aristotelis
1891 1673 2055 1703 nomen
2083 1686 2285 1721 „camum

413 1714 652 1781 praeferunt
671 1713 887 1777 legimus:
907 1715 933 1754 ε’
947 1711 1086 1759 dimum
1113 1713 1202 1761 εἴτις
1216 1713 1249 1757 “1“
1279 1716 1473 1773 ὂφῗαλμᾷν
1489 1717 1642 1772 ὲξείφψέ
1654 1726 1772 1768 w&
1793 1717 2056 1774 ‹imnwn'inq

414 1777 520 1835 μρνον
540 1809 552 1829 ,
586 1776 686 1819 οἱλὶὰ
712 1776 871 1821 wadiam
884 1778 1039 1818 mean:
1075 1782 1216 1836 Iustum
1234 1779 1333 1837 efi‘st
1341 1785 1425 1840 quis
1456 1784 1601 1825 oculum
1616 1784 1730 1826 alteri
1757 1784 1921 1840 effoderit
1938 1817 1949 1836 ‚
1985 1801 2060 1827 non

416 1841 647 1888 tantundem
672 1843 784 1886 modo
802 1877 814 1894 ‚
838 1842 912 1896 sed
941 1836 991 1888 69³
1008 1844 1170 1899 amplius
1199 1845 1378 1899 patiatur
1393 1872 1406 1885 .
1441 1838 1548 1888 Nec
1570 1843 1690 1887 enim
1717 1857 1889 1904 aequum
1920 1843 1981 1889 est
2010 1855 2058 1888 ut

415 1917 496 1967 par
514 1901 565 1947 fit
582 1900 828 1963 periculum
860 1900 1108 1948 innocentis
1135 1902 1183 1946 Sc
1201 1902 1402 1948 nocentis
1420 1937 1431 1957 ,
1468 1916 1517 1948 ut
1536 1902 1655 1949 recte
1670 1903 1862 1950 ostendit
1881 1909 1906 1935 *
1928 1904 2058 1951 Philo

415 1979 509 2027 quo
527 1964 635 2010 loco
653 1962 713 2008 de
726 1963 839 2009 hom
856 1962 965 2008 cidii
995 1974 1126 2024 poena
1154 1963 1323 2010 tradat.
1359 1964 1511 2025 Atque
1528 1965 1618 2011 hoc
1633 1965 1737 2012 inde
1756 1982 1936 2028 quoque
1951 1966 2060 2013 :rsti-

417 2027 530 2073 mari
547 2025 713 2088 potest,
731 2024 858 2087 quod
875 2024 1034 2072 delicta
1053 2026 1253 2087 quaedam
1267 2029 1291 2055 *
1308 2042 1398 2073 non
1418 2025 1742 2086 consummata,
1760 2031 1807 2074 &
1825 2029 1934 2075 ideo
1948 2045 2060 2075 con-

416 2088 645 2137 summatis
658 2089 834 2135 minora
849 2103 1170 2135 nocumentum
1189 2087 1275 2134 infii
1311 2103 1385 2134 ant
1433 2104 1481 2135 ar
1493 2091 1698 2153 cogitato
1717 2129 1729 2147 ‚
1756 2091 1883 2153 quod
1898 2092 1943 2138 in
1958 2092 2059 2153 lege

418 2149 613 2199 Hebraea
625 2154 655 2184 *
673 2150 734 2197 de
751 2148 862 2196 falso
876 2148 984 2196 teste
995 2150 1227 2212 proditum
1246 2187 1258 2207 ‚
1278 2104 1326 2196 Ξ(
1341 2152 1386 2196 in
1418 2167 1501 2215 ege
1518 2150 1726 2199 Romana
1736 2152 1794 2199 de
1804 2169 1861 2200 eo
1879 2155 1953 2215 qui
1972 2154 2058 2199 ho·
2077 2178 2178 2212 Dent.
2189 2181 2273 2211 xm

417 2214 547 2260 minis
564 2211 800 2259 occidendi
831 2210 957 2259 causa
984 2228 1087 2259 cum
1113 2212 1206 2260 telo
1223 2211 1487 2260 ambulavit.
1540 2213 1629 2260 Cui
1646 2215 1916 2278 consequens
1932 2214 2056 2261 estut
2081 2231 2136 2266 19.

417 2273 626 2339 perfeffis
637 2273 899 2321 criminibus
915 2276 1066 2334 major
1087 2275 1358 2338 respondeat
1374 2291 1503 2337 poena
1522 2314 1534 2334 ,
1570 2275 1646 2323 sed
1665 2279 1767 2339 quia
1783 2290 1933 2324 morte
1949 2275 2055 2322 nihil

418 2337 479 2385 est
493 2337 673 2400 gravius
689 2352 829 2399 eaque
843 2338 998 2383 iterari
1012 2354 1102 2384 non
1119 2336 1278 2403 potest,
1297 2352 1347 2384 ut
1366 2338 1496 2385 Philo
1508 2353 1636 2385 notat
1651 2338 1774 2385 disto
1790 2339 1899 2385 loco
1917 2376 1929 2394 ‚
1946 2338 2055 2383 ideo

417 2401 535 2448 intra
550 2414 651 2444 eam
668 2398 905 2447 necessario
921 2398 1351 2458 confistitur,additis
1364 2415 1519 2448 tamen
1533 2401 1760 2456 interdum
1786 2417 1870 2464 pro
1887 2400 2056 2446 merito

417 2459 697 2511 cruciatibus.

481 2520 767 2570 XXXIII.
798 2520 944 2569 Poenae
969 2535 1116 2570 autem
1150 2524 1418 2588 magnitudo
1445 2540 1536 2572 non
1562 2538 1734 2572 tantum
1761 2522 1879 2569 nude
1895 2521 2062 2585 spedta-

419 2585 589 2642 tui·‚1ed
603 2600 706 2630 cum
724 2582 922 2644 respestu
940 2584 998 2631 ad
1029 2586 1285 2646 patientem.
1322 2586 1449 2633 Nam
1466 2586 1629 2633 mulcta
1644 2585 1802 2632 eadem
1819 2599 2063 2647 pauperem

420 2645 640 2702 onerabit,
656 2645 846 2693 divitem
865 2661 956 2692 non
971 2647 1174 2694 onerabit
1195 2663 1206 2696 :
1233 2649 1282 2695 δε
1302 2649 1378 2697 vili
1394 2650 1638 2712 ignominia
1652 2648 1751 2694 leve
1765 2649 1848 2692 erit
1874 2645 2059 2701 malum,

421 2711 650 2758 honorato
664 2723 834 2771 grave:
864 2723 957 2769 quo
985 2723 1148 2773 genere
1171 2708 1438 2758 diversitatis
1453 2710 1560 2772 saepe
1575 2712 1714 2756 utitur
1735 2709 1809 2755 lex
1825 2707 2059 2755 Romana:

420 2773 541 2821 unde
558 2771 869 2818 harmonicam
884 2771 1232 2832 proportionem
1250 2773 1465 2820 exstruxit
1482 2771 1699 2820 Bodinus:
1713 2786 1814 2817 cum
1827 2784 1976 2816 tamen
1993 2783 2060 2816 re-
2079 2791 2150 2826 Lib,
2165 2800 2204 2824 v,
2224 2789 2264 2822 de

421 2851 530 2883 vera
546 2832 731 2895 fimplex
748 2833 821 2878 hic
840 2831 892 2877 fit
910 2832 1108 2894 &qualis
1121 2833 1165 2878 in
1180 2836 1377 2882 numeris
1390 2834 1777 2897 aequalitas‚meriti
1791 2832 1847 2878 ad
1866 2847 2057 2893 poenam,
2081 2842 2159 2884 περ.
2172 2838 2268 2870 cmlv·

423 2898 532 2946 ficut
546 2897 590 2941 in
604 2891 905 2941 contraCtibus
922 2895 1083 2940 mercis
1098 2894 1156 2941 ad
1173 2912 1384 2944 nummos
1399 2935 1411 2952 ,
1443 2912 1695 2959 quanquam
1713 2895 1818 2941 alibi
1836 2909 1968 2939 merx
1984 2909 2060 2938 ea-

422 2960 530 3008 dem
575 2957 656 3013 lus,
675 2954 780 3003 alibi
796 2957 941 3012 minus
957 2956 1072 3003 valet
1090 2993 1101 3011 ,
1118 2958 1319 3019 itemque
1336 2960 1518 3004 nummi.
1557 2958 1616 3002 At
1645 2956 1875 3002 fatendum
1894 2955 1999 3016 saepe
2013 2957 2059 3000 in

423 3022 531 3086 Iege
544 2973 758 3065 Romana
775 3015 821 3063 id
834 3032 924 3063 non
940 3018 1035 3064 fieri
1053 3057 1064 3074 ,
1083 3013 1178 3059 οἴνου
1190 3018 1518 3073 ωερσωποληψίοις
1536 3051 1547 3070 ,
1562 3018 1607 3064 id
1625 3018 1685 3065 est
1704 3018 1792 3065 fine
1805 3019 1944 3063 nimio
1960 3032 2062 3078 per-

423 3084 634 3131 sonarum
652 3081 700 3126 δε
717 3078 983 3140 qualitatum
999 3079 1058 3126 ad
1074 3079 1243 3127 fastum
1262 3098 1356 3128 non
1372 3082 1689 3144 pertinentium
1708 3081 1803 3141 resp
1812 3080 1953 3131 edua
1968 3094 2060 3140 quo

425 3146 540 3193 vitio
553 3141 807 3207 longiffime
824 3139 995 3202 semper
1013 3141 1132 3188 abest
1147 3143 1221 3190 lex
1239 3143 1396 3192 Mofis.
1429 3143 1487 3190 Et
1502 3143 1591 3189 haec
1606 3142 1791 3204 quidem
1806 3156 1851 3187 ut
1867 3140 2063 3187 diximus

423 3205 657 3253 intrinseca
678 3202 739 3251 est
755 3218 891 3262 poenae
912 3205 1109 3250 taxatio.

488 3265 703 3316 XXXI
723 3264 781 3316 V.
817 3261 908 3313 Sed
940 3266 1051 3312 intra
1077 3265 1330 3315 concessum
1359 3265 1552 3316 modum
1583 3264 1643 3314 ad
1673 3265 1909 3314 minimum
1942 3262 2068 3332 ducit

1910 3337 2071 3373 cantas
