<?xml version="1.0" encoding="UTF-8"?>
<!DOCTYPE html PUBLIC "-//W3C//DTD XHTML 1.0 Transitional//EN"
    "http://www.w3.org/TR/xhtml1/DTD/xhtml1-transitional.dtd">
<html xmlns="http://www.w3.org/1999/xhtml" xml:lang="en" lang="en">
 <head>
  <title>
</title>
<meta http-equiv="Content-Type" content="text/html;charset=utf-8" />
  <meta name='ocr-system' content='tesseract 3.04.00' />
  <meta name='ocr-capabilities' content='ocr_page ocr_carea ocr_par ocr_line ocrx_word'/>
</head>
<body>
  <div class='ocr_page' id='page_1' title='image "./hugonisgrottiide010grotuoft_0029.png"; bbox 0 0 2527 3938; ppageno 0'>
   <div class='ocr_carea' id='block_1_1' title="bbox 765 327 1626 370">
    <p class='ocr_par' dir='ltr' id='par_1_1' title="bbox 765 327 1626 370">
     <span class='ocr_line' id='line_1_1' title="bbox 765 327 1626 370; baseline 0.003 -3"><span class='ocrx_word' id='word_1_1' title='bbox 765 327 1626 370; x_wconf 71' lang='lat' dir='ltr'>PROLEGOMENA.</span> 
     </span>
    </p>
   </div>
   <div class='ocr_carea' id='block_1_2' title="bbox 375 392 2053 3449">
    <p class='ocr_par' dir='ltr' id='par_1_2' title="bbox 375 392 2053 3449">
     <span class='ocr_line' id='line_1_2' title="bbox 377 392 2024 459; baseline 0.003 -16"><span class='ocrx_word' id='word_1_2' title='bbox 377 392 590 444; x_wconf 77' lang='lat' dir='ltr'>stimanda</span> <span class='ocrx_word' id='word_1_3' title='bbox 603 408 695 456; x_wconf 82' lang='lat' dir='ltr'>quae</span> <span class='ocrx_word' id='word_1_4' title='bbox 706 392 928 441; x_wconf 65' lang='lat' dir='ltr'>deleftant</span> <span class='ocrx_word' id='word_1_5' title='bbox 941 409 1016 440; x_wconf 86' lang='lat' dir='ltr'>aut</span> <span class='ocrx_word' id='word_1_6' title='bbox 1030 409 1208 450; x_wconf 79' lang='lat' dir='ltr'>nocent,</span> <span class='ocrx_word' id='word_1_7' title='bbox 1227 410 1315 440; x_wconf 90' lang='lat' dir='ltr'>non</span> <span class='ocrx_word' id='word_1_8' title='bbox 1328 397 1551 459; x_wconf 76' lang='lat' dir='ltr'>praesentia</span> <span class='ocrx_word' id='word_1_9' title='bbox 1565 415 1735 448; x_wconf 85' lang='lat' dir='ltr'>tantum</span> <span class='ocrx_word' id='word_1_10' title='bbox 1757 439 1767 456; x_wconf 88' lang='lat'><strong>‚</strong></span> <span class='ocrx_word' id='word_1_11' title='bbox 1796 399 1872 448; x_wconf 87' lang='lat' dir='ltr'>sed</span> <span class='ocrx_word' id='word_1_12' title='bbox 1889 401 1936 448; x_wconf 88' lang='lat'>&amp;</span> <span class='ocrx_word' id='word_1_13' title='bbox 1952 399 2024 448; x_wconf 84' lang='lat' dir='ltr'>fu-</span> 
     </span>
     <span class='ocr_line' id='line_1_3' title="bbox 375 456 2024 521; baseline 0.004 -17"><span class='ocrx_word' id='word_1_14' title='bbox 375 472 491 512; x_wconf 72' lang='lat' dir='ltr'>tura,</span> <span class='ocrx_word' id='word_1_15' title='bbox 511 458 558 502; x_wconf 87' lang='lat'>&amp;</span> <span class='ocrx_word' id='word_1_16' title='bbox 571 472 662 519; x_wconf 75' lang='lat' dir='ltr'>quae</span> <span class='ocrx_word' id='word_1_17' title='bbox 676 457 719 503; x_wconf 90' lang='lat' dir='ltr'>in</span> <span class='ocrx_word' id='word_1_18' title='bbox 736 458 956 504; x_wconf 86' lang='lat' dir='ltr'>utrumvis</span> <span class='ocrx_word' id='word_1_19' title='bbox 969 456 1143 520; x_wconf 78' lang='lat' dir='ltr'>polsunt</span> <span class='ocrx_word' id='word_1_20' title='bbox 1159 456 1322 504; x_wconf 90' lang='lat' dir='ltr'>ducere</span> <span class='ocrx_word' id='word_1_21' title='bbox 1337 480 1351 517; x_wconf 89' lang='lat'>;</span> <span class='ocrx_word' id='word_1_22' title='bbox 1370 476 1454 521; x_wconf 86' lang='lat' dir='ltr'>pro</span> <span class='ocrx_word' id='word_1_23' title='bbox 1472 463 1651 510; x_wconf 80' lang='lat' dir='ltr'>humani</span> <span class='ocrx_word' id='word_1_24' title='bbox 1663 464 1905 511; x_wconf 65' lang='lat' dir='ltr'>intellestus</span> <span class='ocrx_word' id='word_1_25' title='bbox 1921 479 2024 510; x_wconf 89' lang='lat' dir='ltr'>mo-</span> 
     </span>
     <span class='ocr_line' id='line_1_4' title="bbox 377 518 2026 589; baseline 0.001 -22"><span class='ocrx_word' id='word_1_26' title='bbox 377 519 444 567; x_wconf 83' lang='lat' dir='ltr'>do</span> <span class='ocrx_word' id='word_1_27' title='bbox 463 520 600 564; x_wconf 80' lang='lat' dir='ltr'>etiam</span> <span class='ocrx_word' id='word_1_28' title='bbox 616 520 660 566; x_wconf 89' lang='lat' dir='ltr'>in</span> <span class='ocrx_word' id='word_1_29' title='bbox 677 519 745 565; x_wconf 89' lang='lat' dir='ltr'>his</span> <span class='ocrx_word' id='word_1_30' title='bbox 760 518 975 577; x_wconf 73' lang='lat' dir='ltr'>judicium</span> <span class='ocrx_word' id='word_1_31' title='bbox 994 518 1112 566; x_wconf 62' lang='lat' dir='ltr'>redte</span> <span class='ocrx_word' id='word_1_32' title='bbox 1123 518 1464 570; x_wconf 84' lang='lat' dir='ltr'>conformatum</span> <span class='ocrx_word' id='word_1_33' title='bbox 1483 525 1615 588; x_wconf 85' lang='lat' dir='ltr'>sequi,</span> <span class='ocrx_word' id='word_1_34' title='bbox 1634 542 1778 589; x_wconf 82' lang='lat' dir='ltr'>neque</span> <span class='ocrx_word' id='word_1_35' title='bbox 1790 541 1928 583; x_wconf 86' lang='lat' dir='ltr'>metu,</span> <span class='ocrx_word' id='word_1_36' title='bbox 1948 536 2026 572; x_wconf 84' lang='lat' dir='ltr'>aut</span> 
     </span>
     <span class='ocr_line' id='line_1_5' title="bbox 378 580 2021 651; baseline 0.003 -23"><span class='ocrx_word' id='word_1_37' title='bbox 378 581 627 641; x_wconf 78' lang='lat' dir='ltr'>voluptatis</span> <span class='ocrx_word' id='word_1_38' title='bbox 642 581 861 646; x_wconf 76' lang='lat' dir='ltr'>praesentis</span> <span class='ocrx_word' id='word_1_39' title='bbox 872 580 1081 628; x_wconf 80' lang='lat' dir='ltr'>illecebra</span> <span class='ocrx_word' id='word_1_40' title='bbox 1095 586 1326 648; x_wconf 87' lang='lat' dir='ltr'>corrumpi</span> <span class='ocrx_word' id='word_1_41' title='bbox 1340 619 1350 633; x_wconf 88' lang='lat'><em>,</em></span> <span class='ocrx_word' id='word_1_42' title='bbox 1370 601 1444 633; x_wconf 84' lang='lat' dir='ltr'>aut</span> <span class='ocrx_word' id='word_1_43' title='bbox 1459 590 1702 635; x_wconf 82' lang='lat' dir='ltr'>temerario</span> <span class='ocrx_word' id='word_1_44' title='bbox 1722 593 1815 637; x_wconf 77' lang='lat' dir='ltr'>rani</span> <span class='ocrx_word' id='word_1_45' title='bbox 1837 591 2021 651; x_wconf 88' lang='lat' dir='ltr'>impetu,</span> 
     </span>
     <span class='ocr_line' id='line_1_6' title="bbox 377 631 2027 712; baseline 0.002 -20"><span class='ocrx_word' id='word_1_46' title='bbox 377 645 649 692; x_wconf 86' lang='lat' dir='ltr'>conveniens</span> <span class='ocrx_word' id='word_1_47' title='bbox 680 644 764 690; x_wconf 80' lang='lat' dir='ltr'>effe</span> <span class='ocrx_word' id='word_1_48' title='bbox 781 643 980 693; x_wconf 82' lang='lat' dir='ltr'>humanae</span> <span class='ocrx_word' id='word_1_49' title='bbox 997 659 1191 702; x_wconf 82' lang='lat' dir='ltr'>naturae;</span> <span class='ocrx_word' id='word_1_50' title='bbox 1220 646 1267 690; x_wconf 83' lang='lat'><strong>&amp;</strong></span> <span class='ocrx_word' id='word_1_51' title='bbox 1283 649 1408 709; x_wconf 88' lang='lat' dir='ltr'>quod</span> <span class='ocrx_word' id='word_1_52' title='bbox 1444 651 1521 696; x_wconf 82' lang='lat' dir='ltr'>tali</span> <span class='ocrx_word' id='word_1_53' title='bbox 1546 650 1717 710; x_wconf 86' lang='lat' dir='ltr'>judicio</span> <span class='ocrx_word' id='word_1_54' title='bbox 1742 631 1866 700; x_wconf 76' lang='lat' dir='ltr'>olane</span> <span class='ocrx_word' id='word_1_55' title='bbox 1894 666 2027 712; x_wconf 87' lang='lat' dir='ltr'>repu-</span> 
     </span>
     <span class='ocr_line' id='line_1_7' title="bbox 377 700 2024 778; baseline 0.003 -25"><span class='ocrx_word' id='word_1_56' title='bbox 377 720 504 770; x_wconf 82' lang='lat' dir='ltr'>gnat,</span> <span class='ocrx_word' id='word_1_57' title='bbox 521 708 660 752; x_wconf 84' lang='lat' dir='ltr'>etiam</span> <span class='ocrx_word' id='word_1_58' title='bbox 673 709 912 764; x_wconf 79' lang='lat' dir='ltr'>contraius</span> <span class='ocrx_word' id='word_1_59' title='bbox 927 721 1104 764; x_wconf 86' lang='lat' dir='ltr'>naturae‚</span> <span class='ocrx_word' id='word_1_60' title='bbox 1123 709 1322 756; x_wconf 70' lang='lat' dir='ltr'>humanm</span> <span class='ocrx_word' id='word_1_61' title='bbox 1336 710 1499 759; x_wconf 88' lang='lat' dir='ltr'>scilicet</span> <span class='ocrx_word' id='word_1_62' title='bbox 1513 750 1524 768; x_wconf 77' lang='grc'><strong>,</strong></span> <span class='ocrx_word' id='word_1_63' title='bbox 1542 713 1624 759; x_wconf 80' lang='lat' dir='ltr'>else</span> <span class='ocrx_word' id='word_1_64' title='bbox 1637 700 1912 778; x_wconf 77' lang='lat' dir='ltr'>intelligitur.</span> <span class='ocrx_word' id='word_1_65' title='bbox 1947 714 2024 759; x_wconf 82' lang='lat' dir='ltr'>At-</span> 
     </span>
     <span class='ocr_line' id='line_1_8' title="bbox 411 768 2022 837; baseline 0.004 -22"><span class='ocrx_word' id='word_1_66' title='bbox 411 783 466 816; x_wconf 89' lang='lat' dir='ltr'>ue</span> <span class='ocrx_word' id='word_1_67' title='bbox 482 768 568 814; x_wconf 90' lang='lat' dir='ltr'>huc</span> <span class='ocrx_word' id='word_1_68' title='bbox 577 770 712 816; x_wconf 81' lang='lat' dir='ltr'>etiam</span> <span class='ocrx_word' id='word_1_69' title='bbox 729 770 923 832; x_wconf 84' lang='lat' dir='ltr'><strong>pertinet</strong></span> <span class='ocrx_word' id='word_1_70' title='bbox 946 772 988 816; x_wconf 86' lang='lat' dir='ltr'>in</span> <span class='ocrx_word' id='word_1_71' title='bbox 998 770 1064 817; x_wconf 87' lang='lat' dir='ltr'>his</span> <span class='ocrx_word' id='word_1_72' title='bbox 1080 785 1175 830; x_wconf 83' lang='lat' dir='ltr'>quae</span> <span class='ocrx_word' id='word_1_73' title='bbox 1209 772 1367 833; x_wconf 86' lang='lat' dir='ltr'>cuique</span> <span class='ocrx_word' id='word_1_74' title='bbox 1399 775 1573 821; x_wconf 88' lang='lat' dir='ltr'>homini</span> <span class='ocrx_word' id='word_1_75' title='bbox 1591 791 1670 822; x_wconf 78' lang='lat' dir='ltr'>aut</span> <span class='ocrx_word' id='word_1_76' title='bbox 1685 779 1820 824; x_wconf 88' lang='lat' dir='ltr'>coetui</span> <span class='ocrx_word' id='word_1_77' title='bbox 1837 778 2022 837; x_wconf 78' lang='lat' dir='ltr'>propria</span> 
     </span>
     <span class='ocr_line' id='line_1_9' title="bbox 398 830 2024 902; baseline 0.002 -23"><span class='ocrx_word' id='word_1_78' title='bbox 398 847 478 879; x_wconf 89' lang='lat' dir='ltr'>unt</span> <span class='ocrx_word' id='word_1_79' title='bbox 493 830 767 895; x_wconf 74' lang='lat' dir='ltr'>elargiendis</span> <span class='ocrx_word' id='word_1_80' title='bbox 799 832 823 859; x_wconf 89' lang='lat'><strong>*</strong></span> <span class='ocrx_word' id='word_1_81' title='bbox 860 833 1054 894; x_wconf 84' lang='lat' dir='ltr'>prudens</span> <span class='ocrx_word' id='word_1_82' title='bbox 1070 831 1333 895; x_wconf 83' lang='lat' dir='ltr'>dispensatio</span> <span class='ocrx_word' id='word_1_83' title='bbox 1353 871 1361 883; x_wconf 89' lang='lat'><em>,</em></span> <span class='ocrx_word' id='word_1_84' title='bbox 1395 850 1443 883; x_wconf 90' lang='lat' dir='ltr'>ut</span> <span class='ocrx_word' id='word_1_85' title='bbox 1471 853 1565 899; x_wconf 85' lang='lat' dir='ltr'>quae</span> <span class='ocrx_word' id='word_1_86' title='bbox 1582 854 1695 885; x_wconf 86' lang='lat' dir='ltr'>nunc</span> <span class='ocrx_word' id='word_1_87' title='bbox 1710 838 2024 902; x_wconf 78' lang='lat' dir='ltr'>sapientiorem</span> 
     </span>
     <span class='ocr_line' id='line_1_10' title="bbox 377 891 2032 964; baseline 0.002 -22"><span class='ocrx_word' id='word_1_88' title='bbox 377 895 526 942; x_wconf 83' lang='lat' dir='ltr'>minus</span> <span class='ocrx_word' id='word_1_89' title='bbox 543 891 724 955; x_wconf 81' lang='lat' dir='ltr'>sapienti</span> <span class='ocrx_word' id='word_1_90' title='bbox 743 932 754 950; x_wconf 90' lang='lat'>‚</span> <span class='ocrx_word' id='word_1_91' title='bbox 768 910 881 941; x_wconf 86' lang='lat' dir='ltr'>nunc</span> <span class='ocrx_word' id='word_1_92' title='bbox 897 896 1196 957; x_wconf 88' lang='lat' dir='ltr'>propinquum</span> <span class='ocrx_word' id='word_1_93' title='bbox 1215 910 1430 945; x_wconf 75' lang='lat' dir='ltr'>extraneo</span> <span class='ocrx_word' id='word_1_94' title='bbox 1444 936 1454 954; x_wconf 91' lang='lat'>,</span> <span class='ocrx_word' id='word_1_95' title='bbox 1491 916 1603 945; x_wconf 89' lang='lat' dir='ltr'>nunc</span> <span class='ocrx_word' id='word_1_96' title='bbox 1629 916 1868 964; x_wconf 84' lang='lat' dir='ltr'>pauperem</span> <span class='ocrx_word' id='word_1_97' title='bbox 1880 900 2032 951; x_wconf 86' lang='lat' dir='ltr'>diviti,</span> 
     </span>
     <span class='ocr_line' id='line_1_11' title="bbox 378 956 2027 1026; baseline 0.003 -23"><span class='ocrx_word' id='word_1_98' title='bbox 378 970 517 1019; x_wconf 89' lang='lat' dir='ltr'>prout</span> <span class='ocrx_word' id='word_1_99' title='bbox 537 958 657 1003; x_wconf 61' lang='lat' dir='ltr'>aetus</span> <span class='ocrx_word' id='word_1_100' title='bbox 672 956 880 1018; x_wconf 83' lang='lat' dir='ltr'>cujusque</span> <span class='ocrx_word' id='word_1_101' title='bbox 901 959 1052 1013; x_wconf 86' lang='lat' dir='ltr'>‚&amp;rei</span> <span class='ocrx_word' id='word_1_102' title='bbox 1065 971 1224 1003; x_wconf 81' lang='lat' dir='ltr'>natura</span> <span class='ocrx_word' id='word_1_103' title='bbox 1244 956 1353 1014; x_wconf 88' lang='lat' dir='ltr'>fert,</span> <span class='ocrx_word' id='word_1_104' title='bbox 1375 964 1586 1021; x_wconf 81' lang='lat' dir='ltr'>praeponit</span> <span class='ocrx_word' id='word_1_105' title='bbox 1604 978 1615 1009; x_wconf 77' lang='grc' dir='ltr'>ε</span> <span class='ocrx_word' id='word_1_106' title='bbox 1641 980 1775 1025; x_wconf 85' lang='lat' dir='ltr'>quam</span> <span class='ocrx_word' id='word_1_107' title='bbox 1799 966 1905 1025; x_wconf 77' lang='lat' dir='ltr'>jutis</span> <span class='ocrx_word' id='word_1_108' title='bbox 1924 979 2027 1026; x_wconf 79' lang='lat' dir='ltr'>pro-</span> 
     </span>
     <span class='ocr_line' id='line_1_12' title="bbox 379 1018 2028 1086; baseline 0.005 -21"><span class='ocrx_word' id='word_1_109' title='bbox 379 1021 480 1081; x_wconf 87' lang='lat' dir='ltr'>prie</span> <span class='ocrx_word' id='word_1_110' title='bbox 496 1018 729 1085; x_wconf 58' lang='lat' dir='ltr'>striileque</span> <span class='ocrx_word' id='word_1_111' title='bbox 761 1018 865 1064; x_wconf 68' lang='lat' dir='ltr'>dien</span> <span class='ocrx_word' id='word_1_112' title='bbox 883 1032 1058 1081; x_wconf 80' lang='lat' dir='ltr'>partem</span> <span class='ocrx_word' id='word_1_113' title='bbox 1073 1019 1161 1077; x_wconf 86' lang='lat' dir='ltr'>jam</span> <span class='ocrx_word' id='word_1_114' title='bbox 1181 1018 1290 1067; x_wconf 79' lang='lat' dir='ltr'>olim</span> <span class='ocrx_word' id='word_1_115' title='bbox 1306 1022 1432 1068; x_wconf 89' lang='lat' dir='ltr'>multi</span> <span class='ocrx_word' id='word_1_116' title='bbox 1450 1023 1615 1071; x_wconf 77' lang='lat' dir='ltr'>faciunt</span> <span class='ocrx_word' id='word_1_117' title='bbox 1634 1063 1645 1080; x_wconf 85' lang='lat'>,</span> <span class='ocrx_word' id='word_1_118' title='bbox 1678 1042 1781 1073; x_wconf 87' lang='lat' dir='ltr'>cum</span> <span class='ocrx_word' id='word_1_119' title='bbox 1795 1041 1944 1074; x_wconf 85' lang='lat' dir='ltr'>tamen</span> <span class='ocrx_word' id='word_1_120' title='bbox 1959 1029 2028 1086; x_wconf 82' lang='lat' dir='ltr'>jus</span> 
     </span>
     <span class='ocr_line' id='line_1_13' title="bbox 381 1080 2028 1150; baseline 0.004 -23"><span class='ocrx_word' id='word_1_121' title='bbox 381 1081 493 1128; x_wconf 87' lang='lat' dir='ltr'>illud</span> <span class='ocrx_word' id='word_1_122' title='bbox 511 1083 694 1144; x_wconf 83' lang='lat' dir='ltr'>proprie</span> <span class='ocrx_word' id='word_1_123' title='bbox 715 1081 995 1127; x_wconf 82' lang='lat' dir='ltr'>nominatum</span> <span class='ocrx_word' id='word_1_124' title='bbox 1013 1080 1239 1128; x_wconf 76' lang='lat' dir='ltr'>diversam</span> <span class='ocrx_word' id='word_1_125' title='bbox 1255 1081 1389 1144; x_wconf 74' lang='lat' dir='ltr'>longe</span> <span class='ocrx_word' id='word_1_126' title='bbox 1402 1099 1603 1133; x_wconf 80' lang='lat' dir='ltr'>naturam</span> <span class='ocrx_word' id='word_1_127' title='bbox 1615 1087 1776 1134; x_wconf 81' lang='lat' dir='ltr'>habeat</span> <span class='ocrx_word' id='word_1_128' title='bbox 1798 1127 1809 1145; x_wconf 83' lang='lat'>,</span> <span class='ocrx_word' id='word_1_129' title='bbox 1820 1089 1862 1134; x_wconf 92' lang='lat' dir='ltr'>in</span> <span class='ocrx_word' id='word_1_130' title='bbox 1875 1104 1931 1136; x_wconf 89' lang='lat' dir='ltr'>eo</span> <span class='ocrx_word' id='word_1_131' title='bbox 1948 1105 2028 1150; x_wconf 89' lang='lat' dir='ltr'>po-</span> 
     </span>
     <span class='ocr_line' id='line_1_14' title="bbox 381 1142 2028 1212; baseline 0.002 -21"><span class='ocrx_word' id='word_1_132' title='bbox 381 1143 510 1191; x_wconf 87' lang='lat' dir='ltr'>fitam</span> <span class='ocrx_word' id='word_1_133' title='bbox 547 1159 596 1190; x_wconf 89' lang='lat' dir='ltr'>ut</span> <span class='ocrx_word' id='word_1_134' title='bbox 613 1160 705 1204; x_wconf 85' lang='lat' dir='ltr'>quae</span> <span class='ocrx_word' id='word_1_135' title='bbox 724 1146 814 1203; x_wconf 83' lang='lat' dir='ltr'>jam</span> <span class='ocrx_word' id='word_1_136' title='bbox 828 1142 925 1211; x_wconf 75' lang='lat' dir='ltr'>sunt</span> <span class='ocrx_word' id='word_1_137' title='bbox 942 1143 1118 1190; x_wconf 74' lang='lat' dir='ltr'>alterius</span> <span class='ocrx_word' id='word_1_138' title='bbox 1133 1143 1261 1191; x_wconf 82' lang='lat' dir='ltr'>alteri</span> <span class='ocrx_word' id='word_1_139' title='bbox 1294 1147 1609 1206; x_wconf 83' lang='lat' dir='ltr'>permittantur</span> <span class='ocrx_word' id='word_1_140' title='bbox 1627 1186 1637 1203; x_wconf 92' lang='lat'>,</span> <span class='ocrx_word' id='word_1_141' title='bbox 1655 1165 1729 1196; x_wconf 79' lang='lat' dir='ltr'>aut</span> <span class='ocrx_word' id='word_1_142' title='bbox 1746 1151 2028 1212; x_wconf 78' lang='lat' dir='ltr'>impleantur.</span> 
     </span>
     <span class='ocr_line' id='line_1_15' title="bbox 382 1204 2029 1269; baseline 0.002 -15"><span class='ocrx_word' id='word_1_143' title='bbox 382 1206 445 1254; x_wconf 84' lang='lat' dir='ltr'>Et</span> <span class='ocrx_word' id='word_1_144' title='bbox 462 1207 552 1252; x_wconf 74' lang='lat' dir='ltr'>haec</span> <span class='ocrx_word' id='word_1_145' title='bbox 565 1206 750 1267; x_wconf 71' lang='lat' dir='ltr'>quidem</span> <span class='ocrx_word' id='word_1_146' title='bbox 767 1216 959 1266; x_wconf 83' lang='lat' dir='ltr'>quaeJam</span> <span class='ocrx_word' id='word_1_147' title='bbox 976 1205 1175 1252; x_wconf 80' lang='lat' dir='ltr'>diximus</span> <span class='ocrx_word' id='word_1_148' title='bbox 1192 1243 1205 1262; x_wconf 86' lang='lat'>,</span> <span class='ocrx_word' id='word_1_149' title='bbox 1222 1204 1375 1253; x_wconf 89' lang='lat' dir='ltr'>locum</span> <span class='ocrx_word' id='word_1_150' title='bbox 1411 1208 1605 1269; x_wconf 86' lang='lat' dir='ltr'>aliquem</span> <span class='ocrx_word' id='word_1_151' title='bbox 1636 1210 1846 1258; x_wconf 80' lang='lat' dir='ltr'>haberent</span> <span class='ocrx_word' id='word_1_152' title='bbox 1863 1212 2029 1259; x_wconf 77' lang='lat' dir='ltr'>etiamsi</span> 
     </span>
     <span class='ocr_line' id='line_1_16' title="bbox 380 1265 2034 1332; baseline 0.004 -16"><span class='ocrx_word' id='word_1_153' title='bbox 380 1268 605 1320; x_wconf 82' lang='lat' dir='ltr'>daremus,</span> <span class='ocrx_word' id='word_1_154' title='bbox 623 1267 749 1330; x_wconf 85' lang='lat' dir='ltr'>quod</span> <span class='ocrx_word' id='word_1_155' title='bbox 765 1269 853 1314; x_wconf 83' lang='lat' dir='ltr'>fine</span> <span class='ocrx_word' id='word_1_156' title='bbox 870 1267 1045 1314; x_wconf 85' lang='lat' dir='ltr'>summo</span> <span class='ocrx_word' id='word_1_157' title='bbox 1059 1265 1219 1314; x_wconf 88' lang='lat' dir='ltr'>scelere</span> <span class='ocrx_word' id='word_1_158' title='bbox 1233 1267 1330 1315; x_wconf 85' lang='lat' dir='ltr'>dari</span> <span class='ocrx_word' id='word_1_159' title='bbox 1348 1271 1501 1332; x_wconf 87' lang='lat' dir='ltr'>nequit</span> <span class='ocrx_word' id='word_1_160' title='bbox 1521 1309 1532 1326; x_wconf 67' lang='grc'>.,</span> <span class='ocrx_word' id='word_1_161' title='bbox 1549 1287 1639 1318; x_wconf 89' lang='lat' dir='ltr'>non</span> <span class='ocrx_word' id='word_1_162' title='bbox 1655 1274 1740 1319; x_wconf 79' lang='lat' dir='ltr'>effe</span> <span class='ocrx_word' id='word_1_163' title='bbox 1759 1274 1907 1321; x_wconf 88' lang='lat' dir='ltr'>Deum</span> <span class='ocrx_word' id='word_1_164' title='bbox 1928 1312 1938 1329; x_wconf 86' lang='lat'>,</span> <span class='ocrx_word' id='word_1_165' title='bbox 1959 1290 2034 1322; x_wconf 83' lang='lat' dir='ltr'>aut</span> 
     </span>
     <span class='ocr_line' id='line_1_17' title="bbox 382 1330 2038 1397; baseline 0.001 -17"><span class='ocrx_word' id='word_1_166' title='bbox 382 1348 473 1381; x_wconf 89' lang='lat' dir='ltr'>non</span> <span class='ocrx_word' id='word_1_167' title='bbox 490 1333 634 1378; x_wconf 87' lang='lat' dir='ltr'>curari</span> <span class='ocrx_word' id='word_1_168' title='bbox 651 1331 706 1377; x_wconf 82' lang='lat' dir='ltr'>ab</span> <span class='ocrx_word' id='word_1_169' title='bbox 723 1345 780 1379; x_wconf 79' lang='lat' dir='ltr'>eo</span> <span class='ocrx_word' id='word_1_170' title='bbox 798 1332 980 1394; x_wconf 85' lang='lat' dir='ltr'>negotia</span> <span class='ocrx_word' id='word_1_171' title='bbox 995 1330 1184 1377; x_wconf 86' lang='lat' dir='ltr'>humana</span> <span class='ocrx_word' id='word_1_172' title='bbox 1204 1345 1214 1376; x_wconf 77' lang='grc' dir='ltr'>ε</span> <span class='ocrx_word' id='word_1_173' title='bbox 1239 1334 1363 1390; x_wconf 80' lang='lat' dir='ltr'>cujus</span> <span class='ocrx_word' id='word_1_174' title='bbox 1379 1335 1576 1379; x_wconf 82' lang='lat' dir='ltr'>contrari</span> <span class='ocrx_word' id='word_1_175' title='bbox 1583 1350 1655 1380; x_wconf 85' lang='lat' dir='ltr'>um</span> <span class='ocrx_word' id='word_1_176' title='bbox 1669 1351 1770 1382; x_wconf 89' lang='lat' dir='ltr'>cum</span> <span class='ocrx_word' id='word_1_177' title='bbox 1790 1337 1920 1383; x_wconf 88' lang='lat' dir='ltr'>nobis</span> <span class='ocrx_word' id='word_1_178' title='bbox 1937 1352 2038 1397; x_wconf 80' lang='lat' dir='ltr'>par-</span> 
     </span>
     <span class='ocr_line' id='line_1_18' title="bbox 383 1392 2036 1457; baseline 0.001 -14"><span class='ocrx_word' id='word_1_179' title='bbox 383 1395 616 1448; x_wconf 82' lang='lat' dir='ltr'>timratio,</span> <span class='ocrx_word' id='word_1_180' title='bbox 634 1395 797 1457; x_wconf 76' lang='lat' dir='ltr'>partim</span> <span class='ocrx_word' id='word_1_181' title='bbox 816 1392 1002 1439; x_wconf 84' lang='lat' dir='ltr'>traditio</span> <span class='ocrx_word' id='word_1_182' title='bbox 1017 1406 1232 1456; x_wconf 83' lang='lat' dir='ltr'>perpetua</span> <span class='ocrx_word' id='word_1_183' title='bbox 1250 1430 1261 1449; x_wconf 88' lang='lat'>‚</span> <span class='ocrx_word' id='word_1_184' title='bbox 1273 1392 1508 1441; x_wconf 88' lang='lat' dir='ltr'>inseverint</span> <span class='ocrx_word' id='word_1_185' title='bbox 1523 1415 1541 1455; x_wconf 79' lang='lat'>3</span> <span class='ocrx_word' id='word_1_186' title='bbox 1570 1399 1837 1445; x_wconf 87' lang='lat' dir='ltr'>confirment</span> <span class='ocrx_word' id='word_1_187' title='bbox 1866 1412 1975 1444; x_wconf 81' lang='lat' dir='ltr'>vero</span> <span class='ocrx_word' id='word_1_188' title='bbox 1988 1400 2036 1444; x_wconf 74' lang='lat'>8&lt;</span> 
     </span>
     <span class='ocr_line' id='line_1_19' title="bbox 383 1453 2033 1523; baseline -0.001 -17"><span class='ocrx_word' id='word_1_189' title='bbox 383 1472 649 1522; x_wconf 79' lang='lat' dir='ltr'>argumenta</span> <span class='ocrx_word' id='word_1_190' title='bbox 665 1455 807 1502; x_wconf 82' lang='lat' dir='ltr'>multa</span> <span class='ocrx_word' id='word_1_191' title='bbox 826 1459 872 1503; x_wconf 86' lang='lat'>&amp;</span> <span class='ocrx_word' id='word_1_192' title='bbox 891 1455 1102 1503; x_wconf 79' lang='lat' dir='ltr'>miracula</span> <span class='ocrx_word' id='word_1_193' title='bbox 1124 1453 1179 1501; x_wconf 86' lang='lat' dir='ltr'>ab</span> <span class='ocrx_word' id='word_1_194' title='bbox 1197 1456 1412 1503; x_wconf 85' lang='lat' dir='ltr'>omnibus</span> <span class='ocrx_word' id='word_1_195' title='bbox 1444 1456 1602 1505; x_wconf 83' lang='lat' dir='ltr'>sae&#39;culis</span> <span class='ocrx_word' id='word_1_196' title='bbox 1621 1459 1778 1507; x_wconf 81' lang='lat' dir='ltr'>testata</span> <span class='ocrx_word' id='word_1_197' title='bbox 1796 1498 1806 1517; x_wconf 83' lang='grc'>,</span> <span class='ocrx_word' id='word_1_198' title='bbox 1842 1459 2033 1523; x_wconf 87' lang='lat' dir='ltr'>sequitur</span> 
     </span>
     <span class='ocr_line' id='line_1_20' title="bbox 381 1517 2033 1585; baseline -0.001 -17"><span class='ocrx_word' id='word_1_199' title='bbox 381 1524 492 1585; x_wconf 82' lang='lat' dir='ltr'>jam,</span> <span class='ocrx_word' id='word_1_200' title='bbox 511 1518 589 1582; x_wconf 79' lang='lat' dir='ltr'>ipsi</span> <span class='ocrx_word' id='word_1_201' title='bbox 604 1521 712 1568; x_wconf 85' lang='lat' dir='ltr'>Deo</span> <span class='ocrx_word' id='word_1_202' title='bbox 731 1555 743 1573; x_wconf 84' lang='lat'>,</span> <span class='ocrx_word' id='word_1_203' title='bbox 757 1532 808 1565; x_wconf 78' lang='lat' dir='ltr'>ut</span> <span class='ocrx_word' id='word_1_204' title='bbox 825 1518 975 1581; x_wconf 81' lang='lat' dir='ltr'>opifici</span> <span class='ocrx_word' id='word_1_205' title='bbox 990 1519 1037 1564; x_wconf 87' lang='lat'>&amp;</span> <span class='ocrx_word' id='word_1_206' title='bbox 1050 1517 1121 1563; x_wconf 87' lang='lat' dir='ltr'>cui</span> <span class='ocrx_word' id='word_1_207' title='bbox 1140 1533 1222 1564; x_wconf 81' lang='lat' dir='ltr'>nos</span> <span class='ocrx_word' id='word_1_208' title='bbox 1234 1519 1467 1580; x_wconf 75' lang='lat' dir='ltr'>nostraque</span> <span class='ocrx_word' id='word_1_209' title='bbox 1485 1523 1639 1567; x_wconf 78' lang='lat' dir='ltr'>omnia</span> <span class='ocrx_word' id='word_1_210' title='bbox 1654 1521 1896 1570; x_wconf 81' lang='lat' dir='ltr'>debeamus</span> <span class='ocrx_word' id='word_1_211' title='bbox 1917 1562 1927 1574; x_wconf 83' lang='grc'>,</span> <span class='ocrx_word' id='word_1_212' title='bbox 1948 1521 2033 1567; x_wconf 81' lang='lat' dir='ltr'>fine</span> 
     </span>
     <span class='ocr_line' id='line_1_21' title="bbox 381 1578 2038 1646; baseline -0.002 -14"><span class='ocrx_word' id='word_1_213' title='bbox 381 1584 651 1646; x_wconf 84' lang='lat' dir='ltr'>exceptione</span> <span class='ocrx_word' id='word_1_214' title='bbox 669 1580 914 1643; x_wconf 78' lang='lat' dir='ltr'>parendum</span> <span class='ocrx_word' id='word_1_215' title='bbox 929 1579 1060 1627; x_wconf 89' lang='lat' dir='ltr'>nobis</span> <span class='ocrx_word' id='word_1_216' title='bbox 1076 1578 1175 1636; x_wconf 78' lang='lat' dir='ltr'>effe,</span> <span class='ocrx_word' id='word_1_217' title='bbox 1194 1583 1410 1645; x_wconf 75' lang='lat' dir='ltr'>praecipue</span> <span class='ocrx_word' id='word_1_218' title='bbox 1427 1598 1527 1628; x_wconf 81' lang='lat' dir='ltr'>cum</span> <span class='ocrx_word' id='word_1_219' title='bbox 1545 1585 1581 1630; x_wconf 87' lang='lat' dir='ltr'>is</span> <span class='ocrx_word' id='word_1_220' title='bbox 1597 1582 1640 1630; x_wconf 93' lang='lat' dir='ltr'>se</span> <span class='ocrx_word' id='word_1_221' title='bbox 1656 1585 1808 1631; x_wconf 87' lang='lat' dir='ltr'>multis</span> <span class='ocrx_word' id='word_1_222' title='bbox 1823 1585 1972 1630; x_wconf 87' lang='lat' dir='ltr'>modis</span> <span class='ocrx_word' id='word_1_223' title='bbox 1989 1586 2038 1629; x_wconf 87' lang='lat'>&amp;</span> 
     </span>
     <span class='ocr_line' id='line_1_22' title="bbox 384 1642 2038 1709; baseline -0.002 -15"><span class='ocrx_word' id='word_1_224' title='bbox 384 1647 613 1709; x_wconf 87' lang='lat' dir='ltr'>optimum</span> <span class='ocrx_word' id='word_1_225' title='bbox 626 1647 671 1690; x_wconf 82' lang='lat'>&amp;</span> <span class='ocrx_word' id='word_1_226' title='bbox 690 1642 1045 1706; x_wconf 84' lang='lat' dir='ltr'>potentiffimum</span> <span class='ocrx_word' id='word_1_227' title='bbox 1063 1642 1306 1691; x_wconf 83' lang='lat' dir='ltr'>ostenderit</span> <span class='ocrx_word' id='word_1_228' title='bbox 1325 1681 1336 1700; x_wconf 91' lang='lat'><strong>,</strong></span> <span class='ocrx_word' id='word_1_229' title='bbox 1358 1645 1478 1692; x_wconf 84' lang='lat' dir='ltr'>itaut</span> <span class='ocrx_word' id='word_1_230' title='bbox 1496 1645 1572 1692; x_wconf 85' lang='lat' dir='ltr'>fibi</span> <span class='ocrx_word' id='word_1_231' title='bbox 1598 1645 1912 1693; x_wconf 83' lang='lat' dir='ltr'>obedientibus</span> <span class='ocrx_word' id='word_1_232' title='bbox 1930 1662 2038 1709; x_wconf 82' lang='lat' dir='ltr'>prae-</span> 
     </span>
     <span class='ocr_line' id='line_1_23' title="bbox 385 1707 2038 1771; baseline -0.002 -14"><span class='ocrx_word' id='word_1_233' title='bbox 385 1710 479 1757; x_wconf 81' lang='lat' dir='ltr'>mia</span> <span class='ocrx_word' id='word_1_234' title='bbox 495 1707 687 1755; x_wconf 80' lang='lat' dir='ltr'>reddere</span> <span class='ocrx_word' id='word_1_235' title='bbox 702 1707 914 1761; x_wconf 79' lang='lat' dir='ltr'>maxima,</span> <span class='ocrx_word' id='word_1_236' title='bbox 932 1708 1067 1752; x_wconf 76' lang='lat' dir='ltr'>etiam</span> <span class='ocrx_word' id='word_1_237' title='bbox 1078 1716 1253 1761; x_wconf 59' lang='lat' dir='ltr'>esterna,</span> <span class='ocrx_word' id='word_1_238' title='bbox 1272 1708 1434 1769; x_wconf 87' lang='lat' dir='ltr'>quippe</span> <span class='ocrx_word' id='word_1_239' title='bbox 1461 1721 1645 1755; x_wconf 84' lang='lat' dir='ltr'>aeternus</span> <span class='ocrx_word' id='word_1_240' title='bbox 1658 1710 1747 1771; x_wconf 79' lang='lat' dir='ltr'>iple</span> <span class='ocrx_word' id='word_1_241' title='bbox 1763 1747 1774 1760; x_wconf 92' lang='lat'><em>‚</em></span> <span class='ocrx_word' id='word_1_242' title='bbox 1793 1707 1928 1770; x_wconf 82' lang='lat' dir='ltr'>poffit</span> <span class='ocrx_word' id='word_1_243' title='bbox 1944 1747 1954 1763; x_wconf 88' lang='lat'>,</span> <span class='ocrx_word' id='word_1_244' title='bbox 1991 1709 2038 1753; x_wconf 84' lang='lat'>&amp;</span> 
     </span>
     <span class='ocr_line' id='line_1_24' title="bbox 385 1767 2038 1831; baseline -0.002 -11"><span class='ocrx_word' id='word_1_245' title='bbox 385 1769 573 1821; x_wconf 62' lang='lat' dir='ltr'>voluisse</span> <span class='ocrx_word' id='word_1_246' title='bbox 589 1767 714 1817; x_wconf 81' lang='lat' dir='ltr'>credi</span> <span class='ocrx_word' id='word_1_247' title='bbox 731 1767 911 1823; x_wconf 79' lang='lat' dir='ltr'>debeat,</span> <span class='ocrx_word' id='word_1_248' title='bbox 933 1768 1167 1831; x_wconf 88' lang='lat' dir='ltr'>multoque</span> <span class='ocrx_word' id='word_1_249' title='bbox 1182 1771 1324 1831; x_wconf 82' lang='lat' dir='ltr'>magis</span> <span class='ocrx_word' id='word_1_250' title='bbox 1355 1769 1384 1815; x_wconf 81' lang='lat' dir='ltr'>si</span> <span class='ocrx_word' id='word_1_251' title='bbox 1404 1768 1450 1815; x_wconf 88' lang='lat' dir='ltr'>id</span> <span class='ocrx_word' id='word_1_252' title='bbox 1469 1769 1644 1817; x_wconf 84' lang='lat' dir='ltr'>disertis</span> <span class='ocrx_word' id='word_1_253' title='bbox 1659 1771 1806 1819; x_wconf 85' lang='lat' dir='ltr'>verbis</span> <span class='ocrx_word' id='word_1_254' title='bbox 1854 1771 2038 1817; x_wconf 66' lang='lat' dir='ltr'>minist«-</span> 
     </span>
     <span class='ocr_line' id='line_1_25' title="bbox 393 1829 2040 1897; baseline -0.003 -13"><span class='ocrx_word' id='word_1_255' title='bbox 393 1836 456 1885; x_wconf 79' lang='lat' dir='ltr'>rit</span> <span class='ocrx_word' id='word_1_256' title='bbox 473 1831 623 1897; x_wconf 86' lang='lat' dir='ltr'>:quod</span> <span class='ocrx_word' id='word_1_257' title='bbox 635 1830 872 1879; x_wconf 84' lang='lat' dir='ltr'>Christiani</span> <span class='ocrx_word' id='word_1_258' title='bbox 899 1829 1150 1878; x_wconf 83' lang='lat' dir='ltr'>indubitata</span> <span class='ocrx_word' id='word_1_259' title='bbox 1164 1830 1524 1878; x_wconf 85' lang='lat' dir='ltr'>testimoniorum</span> <span class='ocrx_word' id='word_1_260' title='bbox 1556 1832 1646 1879; x_wconf 88' lang='lat' dir='ltr'>fide</span> <span class='ocrx_word' id='word_1_261' title='bbox 1673 1836 1808 1882; x_wconf 87' lang='lat' dir='ltr'>convi</span> <span class='ocrx_word' id='word_1_262' title='bbox 1855 1834 1869 1879; x_wconf 89' lang='lat' dir='ltr'>i</span> <span class='ocrx_word' id='word_1_263' title='bbox 1892 1833 2040 1879; x_wconf 86' lang='lat' dir='ltr'>credi-</span> 
     </span>
     <span class='ocr_line' id='line_1_26' title="bbox 385 1893 2040 1957; baseline -0.002 -13"><span class='ocrx_word' id='word_1_264' title='bbox 385 1912 506 1946; x_wconf 50' lang='lat' dir='ltr'>mus.¹</span> <span class='ocrx_word' id='word_1_265' title='bbox 523 1896 582 1943; x_wconf 89' lang='lat' dir='ltr'>Et</span> <span class='ocrx_word' id='word_1_266' title='bbox 597 1896 686 1943; x_wconf 79' lang='lat' dir='ltr'>haec</span> <span class='ocrx_word' id='word_1_267' title='bbox 703 1894 795 1955; x_wconf 82' lang='lat' dir='ltr'>jam</span> <span class='ocrx_word' id='word_1_268' title='bbox 814 1893 900 1940; x_wconf 79' lang='lat' dir='ltr'>alia</span> <span class='ocrx_word' id='word_1_269' title='bbox 914 1894 1022 1954; x_wconf 81' lang='lat' dir='ltr'>jutis</span> <span class='ocrx_word' id='word_1_270' title='bbox 1037 1894 1172 1957; x_wconf 84' lang='lat' dir='ltr'>origo</span> <span class='ocrx_word' id='word_1_271' title='bbox 1190 1893 1250 1940; x_wconf 87' lang='lat' dir='ltr'>est</span> <span class='ocrx_word' id='word_1_272' title='bbox 1261 1906 1419 1957; x_wconf 81' lang='lat' dir='ltr'>praeter</span> <span class='ocrx_word' id='word_1_273' title='bbox 1431 1893 1551 1941; x_wconf 77' lang='lat' dir='ltr'>illam</span> <span class='ocrx_word' id='word_1_274' title='bbox 1571 1896 1813 1944; x_wconf 76' lang='lat' dir='ltr'>naturalem</span> <span class='ocrx_word' id='word_1_275' title='bbox 1831 1933 1843 1951; x_wconf 91' lang='lat'>‚</span> <span class='ocrx_word' id='word_1_276' title='bbox 1862 1896 2040 1942; x_wconf 86' lang='lat' dir='ltr'>veniens</span> 
     </span>
     <span class='ocr_line' id='line_1_27' title="bbox 385 1954 2041 2018; baseline -0.002 -12"><span class='ocrx_word' id='word_1_277' title='bbox 385 1959 555 2011; x_wconf 83' lang='lat' dir='ltr'>scilicet</span> <span class='ocrx_word' id='word_1_278' title='bbox 582 1961 613 1995; x_wconf 45' lang='grc' dir='ltr'><em>ἡ</em></span> <span class='ocrx_word' id='word_1_279' title='bbox 646 1973 705 2004; x_wconf 84' lang='lat' dir='ltr'>ex</span> <span class='ocrx_word' id='word_1_280' title='bbox 725 1954 867 2003; x_wconf 88' lang='lat' dir='ltr'>libera</span> <span class='ocrx_word' id='word_1_281' title='bbox 883 1957 975 2005; x_wconf 88' lang='lat' dir='ltr'>Dei</span> <span class='ocrx_word' id='word_1_282' title='bbox 992 1955 1242 2011; x_wconf 88' lang='lat' dir='ltr'>voluntate,</span> <span class='ocrx_word' id='word_1_283' title='bbox 1260 1957 1333 2002; x_wconf 87' lang='lat' dir='ltr'>cui</span> <span class='ocrx_word' id='word_1_284' title='bbox 1351 1972 1433 2002; x_wconf 85' lang='lat' dir='ltr'>nos</span> <span class='ocrx_word' id='word_1_285' title='bbox 1448 1955 1599 2018; x_wconf 82' lang='lat' dir='ltr'>subjici</span> <span class='ocrx_word' id='word_1_286' title='bbox 1614 1957 1780 2006; x_wconf 88' lang='lat' dir='ltr'>debere</span> <span class='ocrx_word' id='word_1_287' title='bbox 1795 1957 2041 2005; x_wconf 66' lang='lat' dir='ltr'>intellestus</span> 
     </span>
     <span class='ocr_line' id='line_1_28' title="bbox 388 2017 2038 2087; baseline -0.004 -16"><span class='ocrx_word' id='word_1_288' title='bbox 388 2021 484 2087; x_wconf 84' lang='lat' dir='ltr'>ipse</span> <span class='ocrx_word' id='word_1_289' title='bbox 498 2019 649 2068; x_wconf 83' lang='lat' dir='ltr'>noster</span> <span class='ocrx_word' id='word_1_290' title='bbox 664 2018 1178 2084; x_wconf 83' lang='lat' dir='ltr'>nobisirrefragabilirer</span> <span class='ocrx_word' id='word_1_291' title='bbox 1188 2017 1343 2066; x_wconf 67' lang='lat' dir='ltr'>distat.</span> <span class='ocrx_word' id='word_1_292' title='bbox 1375 2017 1465 2066; x_wconf 82' lang='lat' dir='ltr'>Sed</span> <span class='ocrx_word' id='word_1_293' title='bbox 1482 2020 1654 2066; x_wconf 85' lang='lat' dir='ltr'>&amp;illud</span> <span class='ocrx_word' id='word_1_294' title='bbox 1683 2021 1824 2084; x_wconf 86' lang='lat' dir='ltr'>ipsum</span> <span class='ocrx_word' id='word_1_295' title='bbox 1856 2020 1913 2066; x_wconf 85' lang='lat' dir='ltr'>de</span> <span class='ocrx_word' id='word_1_296' title='bbox 1943 2034 2038 2081; x_wconf 89' lang='lat' dir='ltr'>quo</span> 
     </span>
     <span class='ocr_line' id='line_1_29' title="bbox 390 2080 2034 2151; baseline -0.004 -17"><span class='ocrx_word' id='word_1_297' title='bbox 390 2086 570 2151; x_wconf 84' lang='lat' dir='ltr'>egimus</span> <span class='ocrx_word' id='word_1_298' title='bbox 582 2081 783 2129; x_wconf 81' lang='lat' dir='ltr'>naturale</span> <span class='ocrx_word' id='word_1_299' title='bbox 799 2083 885 2142; x_wconf 81' lang='lat' dir='ltr'>jus,</span> <span class='ocrx_word' id='word_1_300' title='bbox 902 2082 991 2130; x_wconf 84' lang='lat' dir='ltr'>five</span> <span class='ocrx_word' id='word_1_301' title='bbox 1006 2080 1117 2128; x_wconf 90' lang='lat' dir='ltr'>illud</span> <span class='ocrx_word' id='word_1_302' title='bbox 1130 2080 1289 2128; x_wconf 87' lang='lat' dir='ltr'>sociale</span> <span class='ocrx_word' id='word_1_303' title='bbox 1303 2117 1314 2131; x_wconf 96' lang='lat'><em>‚</em></span> <span class='ocrx_word' id='word_1_304' title='bbox 1347 2081 1437 2130; x_wconf 86' lang='lat' dir='ltr'>five</span> <span class='ocrx_word' id='word_1_305' title='bbox 1452 2082 1578 2143; x_wconf 88' lang='lat' dir='ltr'>quod</span> <span class='ocrx_word' id='word_1_306' title='bbox 1611 2084 1750 2130; x_wconf 81' lang='lat' dir='ltr'>laxius</span> <span class='ocrx_word' id='word_1_307' title='bbox 1766 2085 1828 2129; x_wconf 89' lang='lat' dir='ltr'>ita</span> <span class='ocrx_word' id='word_1_308' title='bbox 1855 2082 2034 2137; x_wconf 87' lang='lat' dir='ltr'>dicitur,</span> 
     </span>
     <span class='ocr_line' id='line_1_30' title="bbox 424 2143 2041 2210; baseline -0.004 -16"><span class='ocrx_word' id='word_1_309' title='bbox 424 2161 663 2210; x_wconf 82' lang='lat' dir='ltr'>uamquam</span> <span class='ocrx_word' id='word_1_310' title='bbox 679 2159 737 2191; x_wconf 82' lang='lat' dir='ltr'>ex</span> <span class='ocrx_word' id='word_1_311' title='bbox 749 2145 979 2209; x_wconf 87' lang='lat' dir='ltr'>principiis</span> <span class='ocrx_word' id='word_1_312' title='bbox 989 2144 1163 2191; x_wconf 88' lang='lat' dir='ltr'>homini</span> <span class='ocrx_word' id='word_1_313' title='bbox 1185 2145 1365 2195; x_wconf 83' lang='lat' dir='ltr'>internis</span> <span class='ocrx_word' id='word_1_314' title='bbox 1383 2144 1578 2207; x_wconf 86' lang='lat' dir='ltr'>profluit,</span> <span class='ocrx_word' id='word_1_315' title='bbox 1617 2149 1642 2176; x_wconf 87' lang='lat'><strong>*</strong></span> <span class='ocrx_word' id='word_1_316' title='bbox 1679 2145 1785 2192; x_wconf 90' lang='lat' dir='ltr'>Deo</span> <span class='ocrx_word' id='word_1_317' title='bbox 1805 2160 1953 2191; x_wconf 82' lang='lat' dir='ltr'>tamen</span> <span class='ocrx_word' id='word_1_318' title='bbox 1974 2143 2041 2189; x_wconf 83' lang='lat' dir='ltr'>as-</span> 
     </span>
     <span class='ocr_line' id='line_1_31' title="bbox 409 2203 2035 2271; baseline -0.004 -12"><span class='ocrx_word' id='word_1_319' title='bbox 409 2209 520 2259; x_wconf 88' lang='lat' dir='ltr'>cribi</span> <span class='ocrx_word' id='word_1_320' title='bbox 536 2209 702 2256; x_wconf 87' lang='lat' dir='ltr'>merito</span> <span class='ocrx_word' id='word_1_321' title='bbox 718 2207 864 2270; x_wconf 80' lang='lat' dir='ltr'>potest</span> <span class='ocrx_word' id='word_1_322' title='bbox 880 2246 891 2262; x_wconf 91' lang='lat'>‚</span> <span class='ocrx_word' id='word_1_323' title='bbox 909 2222 1017 2271; x_wconf 79' lang='lat' dir='ltr'>quia</span> <span class='ocrx_word' id='word_1_324' title='bbox 1047 2221 1097 2252; x_wconf 90' lang='lat' dir='ltr'>ut</span> <span class='ocrx_word' id='word_1_325' title='bbox 1112 2206 1218 2253; x_wconf 83' lang='lat' dir='ltr'>talia</span> <span class='ocrx_word' id='word_1_326' title='bbox 1240 2207 1457 2270; x_wconf 86' lang='lat' dir='ltr'>principia</span> <span class='ocrx_word' id='word_1_327' title='bbox 1483 2208 1526 2253; x_wconf 90' lang='lat' dir='ltr'>in</span> <span class='ocrx_word' id='word_1_328' title='bbox 1545 2207 1675 2254; x_wconf 87' lang='lat' dir='ltr'>nobis</span> <span class='ocrx_word' id='word_1_329' title='bbox 1691 2207 1928 2255; x_wconf 79' lang='lat' dir='ltr'>existerent</span> <span class='ocrx_word' id='word_1_330' title='bbox 1946 2203 2035 2268; x_wconf 90' lang='lat' dir='ltr'>ipse</span> 
     </span>
     <span class='ocr_line' id='line_1_32' title="bbox 389 2267 2038 2334; baseline -0.005 -14"><span class='ocrx_word' id='word_1_331' title='bbox 389 2273 538 2324; x_wconf 86' lang='lat' dir='ltr'>voluit</span> <span class='ocrx_word' id='word_1_332' title='bbox 556 2287 567 2320; x_wconf 89' lang='lat'>:</span> <span class='ocrx_word' id='word_1_333' title='bbox 590 2286 684 2334; x_wconf 87' lang='lat' dir='ltr'>quo</span> <span class='ocrx_word' id='word_1_334' title='bbox 696 2269 816 2318; x_wconf 87' lang='lat' dir='ltr'>sensu</span> <span class='ocrx_word' id='word_1_335' title='bbox 848 2268 1182 2333; x_wconf 73' lang='lat' dir='ltr'>Chrysippus&amp;</span> <span class='ocrx_word' id='word_1_336' title='bbox 1196 2267 1339 2315; x_wconf 89' lang='lat' dir='ltr'>Stoici</span> <span class='ocrx_word' id='word_1_337' title='bbox 1356 2267 1562 2316; x_wconf 84' lang='lat' dir='ltr'>dicebant</span> <span class='ocrx_word' id='word_1_338' title='bbox 1590 2271 1698 2330; x_wconf 85' lang='lat' dir='ltr'>jutis</span> <span class='ocrx_word' id='word_1_339' title='bbox 1716 2271 1935 2332; x_wconf 82' lang='lat' dir='ltr'>originem</span> <span class='ocrx_word' id='word_1_340' title='bbox 1949 2283 2038 2313; x_wconf 90' lang='lat' dir='ltr'>non</span> 
     </span>
     <span class='ocr_line' id='line_1_33' title="bbox 392 2328 2037 2396; baseline -0.005 -13"><span class='ocrx_word' id='word_1_341' title='bbox 392 2333 572 2384; x_wconf 87' lang='lat' dir='ltr'>aliunde</span> <span class='ocrx_word' id='word_1_342' title='bbox 589 2331 831 2396; x_wconf 87' lang='lat' dir='ltr'>petendam</span> <span class='ocrx_word' id='word_1_343' title='bbox 847 2349 983 2394; x_wconf 87' lang='lat' dir='ltr'>quam</span> <span class='ocrx_word' id='word_1_344' title='bbox 999 2330 1055 2378; x_wconf 86' lang='lat' dir='ltr'>ab</span> <span class='ocrx_word' id='word_1_345' title='bbox 1070 2330 1166 2393; x_wconf 88' lang='lat' dir='ltr'>ipso</span> <span class='ocrx_word' id='word_1_346' title='bbox 1184 2330 1310 2388; x_wconf 85' lang='lat' dir='ltr'>Iove,</span> <span class='ocrx_word' id='word_1_347' title='bbox 1341 2334 1371 2366; x_wconf 77' lang='lat'><strong>*</strong></span> <span class='ocrx_word' id='word_1_348' title='bbox 1387 2335 1413 2379; x_wconf 71' lang='grc' dir='ltr'>ὲ</span> <span class='ocrx_word' id='word_1_349' title='bbox 1459 2347 1519 2377; x_wconf 91' lang='lat' dir='ltr'>uo</span> <span class='ocrx_word' id='word_1_350' title='bbox 1537 2332 1658 2379; x_wconf 84' lang='lat' dir='ltr'>Iovis</span> <span class='ocrx_word' id='word_1_351' title='bbox 1673 2334 1850 2379; x_wconf 89' lang='lat' dir='ltr'>nomine</span> <span class='ocrx_word' id='word_1_352' title='bbox 1865 2333 1931 2390; x_wconf 84' lang='lat' dir='ltr'>jus</span> <span class='ocrx_word' id='word_1_353' title='bbox 1946 2328 2037 2375; x_wconf 87' lang='lat' dir='ltr'>La-</span> 
     </span>
     <span class='ocr_line' id='line_1_34' title="bbox 392 2390 2040 2458; baseline -0.004 -14"><span class='ocrx_word' id='word_1_354' title='bbox 392 2399 496 2453; x_wconf 80' lang='lat' dir='ltr'>tinis</span> <span class='ocrx_word' id='word_1_355' title='bbox 511 2395 681 2443; x_wconf 69' lang='lat' dir='ltr'>dietum</span> <span class='ocrx_word' id='word_1_356' title='bbox 691 2395 987 2458; x_wconf 84' lang='lat' dir='ltr'>probabiliter</span> <span class='ocrx_word' id='word_1_357' title='bbox 998 2392 1095 2440; x_wconf 85' lang='lat' dir='ltr'>-dici</span> <span class='ocrx_word' id='word_1_358' title='bbox 1111 2393 1267 2458; x_wconf 84' lang='lat' dir='ltr'>potest-</span> <span class='ocrx_word' id='word_1_359' title='bbox 1302 2393 1421 2440; x_wconf 82' lang='lat' dir='ltr'>Acce</span> <span class='ocrx_word' id='word_1_360' title='bbox 1458 2395 1491 2439; x_wconf 85' lang='lat' dir='ltr'>it</span> <span class='ocrx_word' id='word_1_361' title='bbox 1516 2393 1640 2455; x_wconf 88' lang='lat' dir='ltr'>quod</span> <span class='ocrx_word' id='word_1_362' title='bbox 1666 2394 1740 2441; x_wconf 91' lang='lat' dir='ltr'>illa</span> <span class='ocrx_word' id='word_1_363' title='bbox 1752 2408 1933 2456; x_wconf 87' lang='lat' dir='ltr'>quoque</span> <span class='ocrx_word' id='word_1_364' title='bbox 1951 2390 2040 2452; x_wconf 70' lang='lat' dir='ltr'>ipstt</span> 
     </span>
     <span class='ocr_line' id='line_1_35' title="bbox 392 2453 2040 2532; baseline -0.005 -23"><span class='ocrx_word' id='word_1_365' title='bbox 392 2460 611 2532; x_wconf 85' lang='lat' dir='ltr'>principia</span> <span class='ocrx_word' id='word_1_366' title='bbox 625 2458 752 2507; x_wconf 87' lang='lat' dir='ltr'>Deus</span> <span class='ocrx_word' id='word_1_367' title='bbox 765 2455 883 2504; x_wconf 82' lang='lat' dir='ltr'>datis</span> <span class='ocrx_word' id='word_1_368' title='bbox 900 2455 1073 2520; x_wconf 82' lang='lat' dir='ltr'>legibus</span> <span class='ocrx_word' id='word_1_369' title='bbox 1088 2457 1231 2520; x_wconf 81' lang='lat' dir='ltr'>magis</span> <span class='ocrx_word' id='word_1_370' title='bbox 1247 2455 1483 2519; x_wconf 84' lang='lat' dir='ltr'>conspicua</span> <span class='ocrx_word' id='word_1_371' title='bbox 1496 2455 1603 2503; x_wconf 79' lang='lat' dir='ltr'>fecit</span> <span class='ocrx_word' id='word_1_372' title='bbox 1628 2494 1638 2511; x_wconf 77' lang='lat'>‚</span> <span class='ocrx_word' id='word_1_373' title='bbox 1661 2457 1798 2504; x_wconf 84' lang='lat' dir='ltr'>etiam</span> <span class='ocrx_word' id='word_1_374' title='bbox 1812 2457 1864 2502; x_wconf 90' lang='lat' dir='ltr'>iis</span> <span class='ocrx_word' id='word_1_375' title='bbox 1881 2453 2040 2516; x_wconf 82' lang='lat' dir='ltr'>quibus</span> 
     </span>
     <span class='ocr_line' id='line_1_36' title="bbox 394 2517 2043 2570; baseline -0.005 0"><span class='ocrx_word' id='word_1_376' title='bbox 394 2520 666 2570; x_wconf 80' lang='lat' dir='ltr'>imbecillior</span> <span class='ocrx_word' id='word_1_377' title='bbox 683 2519 744 2566; x_wconf 91' lang='lat' dir='ltr'>est</span> <span class='ocrx_word' id='word_1_378' title='bbox 759 2519 816 2565; x_wconf 88' lang='lat' dir='ltr'>ad</span> <span class='ocrx_word' id='word_1_379' title='bbox 831 2517 1191 2567; x_wconf 81' lang='lat' dir='ltr'>ratiocinandum</span> <span class='ocrx_word' id='word_1_380' title='bbox 1210 2519 1277 2565; x_wconf 90' lang='lat' dir='ltr'>vis</span> <span class='ocrx_word' id='word_1_381' title='bbox 1291 2518 1451 2566; x_wconf 86' lang='lat' dir='ltr'>animi:</span> <span class='ocrx_word' id='word_1_382' title='bbox 1482 2519 1531 2564; x_wconf 89' lang='lat'>&amp;</span> <span class='ocrx_word' id='word_1_383' title='bbox 1557 2521 1600 2565; x_wconf 92' lang='lat' dir='ltr'>in</span> <span class='ocrx_word' id='word_1_384' title='bbox 1624 2518 1794 2566; x_wconf 85' lang='lat' dir='ltr'>diversa</span> <span class='ocrx_word' id='word_1_385' title='bbox 1812 2517 2043 2565; x_wconf 85' lang='lat' dir='ltr'>trahentes</span> 
     </span>
     <span class='ocr_line' id='line_1_37' title="bbox 392 2578 2038 2649; baseline -0.004 -19"><span class='ocrx_word' id='word_1_386' title='bbox 392 2587 602 2649; x_wconf 83' lang='lat' dir='ltr'>impetus,</span> <span class='ocrx_word' id='word_1_387' title='bbox 649 2582 693 2628; x_wconf 89' lang='lat' dir='ltr'>ui</span> <span class='ocrx_word' id='word_1_388' title='bbox 707 2580 839 2629; x_wconf 84' lang='lat' dir='ltr'>nobis</span> <span class='ocrx_word' id='word_1_389' title='bbox 857 2581 975 2643; x_wconf 74' lang='lat' dir='ltr'>ipsis,</span> <span class='ocrx_word' id='word_1_390' title='bbox 993 2582 1158 2642; x_wconf 89' lang='lat' dir='ltr'>quique</span> <span class='ocrx_word' id='word_1_391' title='bbox 1167 2580 1261 2627; x_wconf 80' lang='lat' dir='ltr'>aliis</span> <span class='ocrx_word' id='word_1_392' title='bbox 1274 2579 1503 2641; x_wconf 86' lang='lat' dir='ltr'>consulunt</span> <span class='ocrx_word' id='word_1_393' title='bbox 1521 2618 1531 2636; x_wconf 92' lang='lat'>‚</span> <span class='ocrx_word' id='word_1_394' title='bbox 1553 2582 1700 2645; x_wconf 83' lang='lat' dir='ltr'>vagari</span> <span class='ocrx_word' id='word_1_395' title='bbox 1730 2581 1872 2629; x_wconf 80' lang='lat' dir='ltr'>vetuit</span> <span class='ocrx_word' id='word_1_396' title='bbox 1891 2616 1900 2634; x_wconf 93' lang='lat'>‚</span> <span class='ocrx_word' id='word_1_397' title='bbox 1922 2578 2038 2634; x_wconf 84' lang='lat' dir='ltr'>illos,</span> 
     </span>
     <span class='ocr_line' id='line_1_38' title="bbox 429 2597 2036 2709; baseline -0.006 -15"><span class='ocrx_word' id='word_1_398' title='bbox 429 2663 471 2695; x_wconf 81' lang='lat' dir='ltr'>ui</span> <span class='ocrx_word' id='word_1_399' title='bbox 507 2661 563 2709; x_wconf 90' lang='lat' dir='ltr'>pe</span> <span class='ocrx_word' id='word_1_400' title='bbox 579 2597 941 2692; x_wconf 47' lang='lat' dir='ltr'>vegiementiores</span> <span class='ocrx_word' id='word_1_401' title='bbox 960 2679 972 2699; x_wconf 90' lang='lat'>‚</span> <span class='ocrx_word' id='word_1_402' title='bbox 990 2642 1209 2689; x_wconf 68' lang='lat' dir='ltr'>addictius</span> <span class='ocrx_word' id='word_1_403' title='bbox 1226 2657 1384 2704; x_wconf 77' lang='lat' dir='ltr'>regens</span> <span class='ocrx_word' id='word_1_404' title='bbox 1411 2644 1459 2688; x_wconf 89' lang='lat'>&amp;</span> <span class='ocrx_word' id='word_1_405' title='bbox 1480 2643 1565 2689; x_wconf 89' lang='lat' dir='ltr'>fine</span> <span class='ocrx_word' id='word_1_406' title='bbox 1581 2660 1633 2690; x_wconf 89' lang='lat' dir='ltr'>ac</span> <span class='ocrx_word' id='word_1_407' title='bbox 1649 2643 1793 2690; x_wconf 89' lang='lat' dir='ltr'>modo</span> <span class='ocrx_word' id='word_1_408' title='bbox 1807 2655 2036 2690; x_wconf 84' lang='lat' dir='ltr'>coercens.</span> 
     </span>
     <span class='ocr_line' id='line_1_39' title="bbox 395 2662 2036 2768; baseline -0.007 -10"><span class='ocrx_word' id='word_1_409' title='bbox 395 2662 556 2758; x_wconf 55' lang='lat' dir='ltr'>gaf&amp;</span> <span class='ocrx_word' id='word_1_410' title='bbox 569 2706 751 2754; x_wconf 84' lang='lat' dir='ltr'>historia</span> <span class='ocrx_word' id='word_1_411' title='bbox 769 2704 905 2760; x_wconf 86' lang='lat' dir='ltr'>sacra,</span> <span class='ocrx_word' id='word_1_412' title='bbox 922 2718 1081 2768; x_wconf 83' lang='lat' dir='ltr'>praetet</span> <span class='ocrx_word' id='word_1_413' title='bbox 1097 2703 1145 2750; x_wconf 89' lang='lat' dir='ltr'>id</span> <span class='ocrx_word' id='word_1_414' title='bbox 1160 2704 1285 2766; x_wconf 86' lang='lat' dir='ltr'>quod</span> <span class='ocrx_word' id='word_1_415' title='bbox 1302 2706 1347 2751; x_wconf 85' lang='lat' dir='ltr'>in</span> <span class='ocrx_word' id='word_1_416' title='bbox 1361 2707 1589 2767; x_wconf 65' lang='lat' dir='ltr'>p‘raeceptis</span> <span class='ocrx_word' id='word_1_417' title='bbox 1602 2705 1792 2755; x_wconf 82' lang='lat' dir='ltr'>confistit</span> <span class='ocrx_word' id='word_1_418' title='bbox 1810 2741 1819 2756; x_wconf 90' lang='lat'><em>,</em></span> <span class='ocrx_word' id='word_1_419' title='bbox 1834 2703 2036 2751; x_wconf 65' lang='lat' dir='ltr'>affeetum</span> 
     </span>
     <span class='ocr_line' id='line_1_40' title="bbox 395 2763 2044 2832; baseline -0.008 -11"><span class='ocrx_word' id='word_1_420' title='bbox 395 2772 524 2822; x_wconf 84' lang='lat' dir='ltr'>illum</span> <span class='ocrx_word' id='word_1_421' title='bbox 539 2769 747 2818; x_wconf 87' lang='lat' dir='ltr'>socialem</span> <span class='ocrx_word' id='word_1_422' title='bbox 762 2782 853 2816; x_wconf 87' lang='lat' dir='ltr'>non</span> <span class='ocrx_word' id='word_1_423' title='bbox 867 2782 1026 2832; x_wconf 73' lang='lat' dir='ltr'>parurn</span> <span class='ocrx_word' id='word_1_424' title='bbox 1039 2767 1174 2814; x_wconf 85' lang='lat' dir='ltr'>etiam</span> <span class='ocrx_word' id='word_1_425' title='bbox 1191 2781 1248 2812; x_wconf 89' lang='lat' dir='ltr'>eo</span> <span class='ocrx_word' id='word_1_426' title='bbox 1263 2768 1426 2814; x_wconf 84' lang='lat' dir='ltr'>excitat</span> <span class='ocrx_word' id='word_1_427' title='bbox 1434 2767 1559 2829; x_wconf 90' lang='lat' dir='ltr'>quod</span> <span class='ocrx_word' id='word_1_428' title='bbox 1570 2784 1653 2815; x_wconf 85' lang='lat' dir='ltr'>nos</span> <span class='ocrx_word' id='word_1_429' title='bbox 1667 2767 1804 2814; x_wconf 90' lang='lat' dir='ltr'>docet</span> <span class='ocrx_word' id='word_1_430' title='bbox 1818 2763 1874 2813; x_wconf 88' lang='lat' dir='ltr'>ab</span> <span class='ocrx_word' id='word_1_431' title='bbox 1890 2764 2044 2812; x_wconf 84' lang='lat' dir='ltr'>iisdem</span> 
     </span>
     <span class='ocr_line' id='line_1_41' title="bbox 398 2826 2039 2900; baseline -0.007 -18"><span class='ocrx_word' id='word_1_432' title='bbox 398 2836 557 2900; x_wconf 81' lang='lat' dir='ltr'>primis</span> <span class='ocrx_word' id='word_1_433' title='bbox 565 2830 822 2896; x_wconf 81' lang='lat' dir='ltr'>parentibus</span> <span class='ocrx_word' id='word_1_434' title='bbox 833 2845 962 2876; x_wconf 85' lang='lat' dir='ltr'>ortos</span> <span class='ocrx_word' id='word_1_435' title='bbox 977 2830 1183 2876; x_wconf 88' lang='lat' dir='ltr'>homines</span> <span class='ocrx_word' id='word_1_436' title='bbox 1199 2844 1355 2876; x_wconf 87' lang='lat' dir='ltr'>omnes</span> <span class='ocrx_word' id='word_1_437' title='bbox 1370 2867 1381 2886; x_wconf 96' lang='lat'>,</span> <span class='ocrx_word' id='word_1_438' title='bbox 1412 2831 1476 2876; x_wconf 86' lang='lat' dir='ltr'>ita</span> <span class='ocrx_word' id='word_1_439' title='bbox 1487 2844 1535 2877; x_wconf 89' lang='lat' dir='ltr'>ut</span> <span class='ocrx_word' id='word_1_440' title='bbox 1548 2845 1604 2876; x_wconf 89' lang='lat' dir='ltr'>eo</span> <span class='ocrx_word' id='word_1_441' title='bbox 1632 2845 1810 2892; x_wconf 89' lang='lat' dir='ltr'>quoque</span> <span class='ocrx_word' id='word_1_442' title='bbox 1819 2828 1934 2875; x_wconf 85' lang='lat' dir='ltr'>sensu</span> <span class='ocrx_word' id='word_1_443' title='bbox 1953 2826 2039 2873; x_wconf 89' lang='lat' dir='ltr'>dici</span> 
     </span>
     <span class='ocr_line' id='line_1_42' title="bbox 398 2890 2035 2960; baseline -0.005 -16"><span class='ocrx_word' id='word_1_444' title='bbox 398 2897 519 2957; x_wconf 68' lang='lat' dir='ltr'>reste</span> <span class='ocrx_word' id='word_1_445' title='bbox 531 2894 667 2960; x_wconf 83' lang='lat' dir='ltr'>poffit</span> <span class='ocrx_word' id='word_1_446' title='bbox 677 2892 804 2954; x_wconf 87' lang='lat' dir='ltr'>quod</span> <span class='ocrx_word' id='word_1_447' title='bbox 821 2892 912 2946; x_wconf 87' lang='lat' dir='ltr'>alio</span> <span class='ocrx_word' id='word_1_448' title='bbox 923 2890 1043 2938; x_wconf 83' lang='lat' dir='ltr'>dixit</span> <span class='ocrx_word' id='word_1_449' title='bbox 1054 2891 1348 2947; x_wconf 84' lang='lat' dir='ltr'>Florentinus,</span> <span class='ocrx_word' id='word_1_450' title='bbox 1365 2893 1683 2953; x_wconf 72' lang='lat' dir='ltr'>cognationem</span> <span class='ocrx_word' id='word_1_451' title='bbox 1700 2893 1816 2939; x_wconf 90' lang='lat' dir='ltr'>inter</span> <span class='ocrx_word' id='word_1_452' title='bbox 1829 2906 1910 2936; x_wconf 88' lang='lat' dir='ltr'>nos</span> <span class='ocrx_word' id='word_1_453' title='bbox 1924 2894 1948 2936; x_wconf 66' lang='lat' dir='ltr'>{a</span> <span class='ocrx_word' id='word_1_454' title='bbox 1965 2904 2035 2935; x_wconf 84' lang='lat' dir='ltr'>na-</span> 
     </span>
     <span class='ocr_line' id='line_1_43' title="bbox 400 2951 2040 3016; baseline -0.007 -8"><span class='ocrx_word' id='word_1_455' title='bbox 400 2975 502 3008; x_wconf 71' lang='lat' dir='ltr'>tura</span> <span class='ocrx_word' id='word_1_456' title='bbox 518 2955 804 3006; x_wconf 87' lang='lat' dir='ltr'>constitutam</span> <span class='ocrx_word' id='word_1_457' title='bbox 813 2974 830 3015; x_wconf 80' lang='lat'>3</span> <span class='ocrx_word' id='word_1_458' title='bbox 844 2955 915 3001; x_wconf 89' lang='lat' dir='ltr'>cui</span> <span class='ocrx_word' id='word_1_459' title='bbox 929 2951 1200 3016; x_wconf 84' lang='lat' dir='ltr'>consequens</span> <span class='ocrx_word' id='word_1_460' title='bbox 1216 2954 1291 3003; x_wconf 85' lang='lat' dir='ltr'>fit,</span> <span class='ocrx_word' id='word_1_461' title='bbox 1312 2954 1544 3000; x_wconf 84' lang='lat' dir='ltr'>hominem</span> <span class='ocrx_word' id='word_1_462' title='bbox 1562 2954 1734 3001; x_wconf 86' lang='lat' dir='ltr'>homini</span> <span class='ocrx_word' id='word_1_463' title='bbox 1758 2952 1950 3000; x_wconf 74' lang='lat' dir='ltr'>insidiari</span> <span class='ocrx_word' id='word_1_464' title='bbox 1967 2966 2040 2996; x_wconf 89' lang='lat' dir='ltr'>ne-</span> 
     </span>
     <span class='ocr_line' id='line_1_44' title="bbox 400 3013 2042 3079; baseline -0.007 -8"><span class='ocrx_word' id='word_1_465' title='bbox 400 3022 470 3072; x_wconf 84' lang='lat' dir='ltr'>fas</span> <span class='ocrx_word' id='word_1_466' title='bbox 486 3021 587 3069; x_wconf 78' lang='lat' dir='ltr'>ess&#39;e.</span> <span class='ocrx_word' id='word_1_467' title='bbox 618 3016 741 3066; x_wconf 86' lang='lat' dir='ltr'>Inter</span> <span class='ocrx_word' id='word_1_468' title='bbox 768 3018 975 3064; x_wconf 77' lang='lat' dir='ltr'>homines</span> <span class='ocrx_word' id='word_1_469' title='bbox 997 3015 1115 3078; x_wconf 77' lang='lat' dir='ltr'>quali</span> <span class='ocrx_word' id='word_1_470' title='bbox 1147 3014 1173 3049; x_wconf 69' lang='lat'>*⁵</span> <span class='ocrx_word' id='word_1_471' title='bbox 1208 3016 1288 3065; x_wconf 91' lang='lat' dir='ltr'>Dii</span> <span class='ocrx_word' id='word_1_472' title='bbox 1314 3015 1497 3078; x_wconf 82' lang='lat' dir='ltr'>quidam</span> <span class='ocrx_word' id='word_1_473' title='bbox 1512 3015 1606 3062; x_wconf 88' lang='lat' dir='ltr'>sunt</span> <span class='ocrx_word' id='word_1_474' title='bbox 1621 3030 1823 3079; x_wconf 84' lang='lat' dir='ltr'>parentes</span> <span class='ocrx_word' id='word_1_475' title='bbox 1839 3051 1849 3070; x_wconf 94' lang='lat'>,</span> <span class='ocrx_word' id='word_1_476' title='bbox 1883 3013 2042 3073; x_wconf 86' lang='lat' dir='ltr'>quibus</span> 
     </span>
     <span class='ocr_line' id='line_1_45' title="bbox 400 3073 2041 3149; baseline -0.009 -17"><span class='ocrx_word' id='word_1_477' title='bbox 400 3083 594 3149; x_wconf 82' lang='lat' dir='ltr'>proinde</span> <span class='ocrx_word' id='word_1_478' title='bbox 609 3096 700 3129; x_wconf 87' lang='lat' dir='ltr'>non</span> <span class='ocrx_word' id='word_1_479' title='bbox 715 3079 936 3127; x_wconf 86' lang='lat' dir='ltr'>infinitum</span> <span class='ocrx_word' id='word_1_480' title='bbox 958 3117 970 3134; x_wconf 82' lang='lat'><strong>‚</strong></span> <span class='ocrx_word' id='word_1_481' title='bbox 991 3078 1067 3126; x_wconf 86' lang='lat' dir='ltr'>sed</span> <span class='ocrx_word' id='word_1_482' title='bbox 1084 3077 1144 3127; x_wconf 86' lang='lat' dir='ltr'>sui</span> <span class='ocrx_word' id='word_1_483' title='bbox 1158 3079 1333 3142; x_wconf 82' lang='lat' dir='ltr'>generis</span> <span class='ocrx_word' id='word_1_484' title='bbox 1346 3076 1607 3140; x_wconf 85' lang='lat' dir='ltr'>obsequium</span> <span class='ocrx_word' id='word_1_485' title='bbox 1623 3077 1823 3124; x_wconf 86' lang='lat' dir='ltr'>debetur.</span> <span class='ocrx_word' id='word_1_486' title='bbox 1862 3073 2041 3121; x_wconf 86' lang='lat' dir='ltr'>Deinde</span> 
     </span>
     <span class='ocr_line' id='line_1_46' title="bbox 401 3137 2045 3203; baseline -0.01 -7"><span class='ocrx_word' id='word_1_487' title='bbox 401 3162 515 3196; x_wconf 85' lang='lat' dir='ltr'>vero</span> <span class='ocrx_word' id='word_1_488' title='bbox 531 3160 634 3193; x_wconf 87' lang='lat' dir='ltr'>cum</span> <span class='ocrx_word' id='word_1_489' title='bbox 650 3143 756 3203; x_wconf 84' lang='lat' dir='ltr'>juris</span> <span class='ocrx_word' id='word_1_490' title='bbox 771 3156 933 3190; x_wconf 84' lang='lat' dir='ltr'>naturae</span> <span class='ocrx_word' id='word_1_491' title='bbox 943 3140 994 3189; x_wconf 76' lang='lat' dir='ltr'>{it</span> <span class='ocrx_word' id='word_1_492' title='bbox 1009 3140 1121 3188; x_wconf 88' lang='lat' dir='ltr'>stare</span> <span class='ocrx_word' id='word_1_493' title='bbox 1130 3139 1279 3200; x_wconf 63' lang='lat' dir='ltr'>padus,</span> <span class='ocrx_word' id='word_1_494' title='bbox 1296 3142 1312 3199; x_wconf 88' lang='lat'><strong>(</strong></span> <span class='ocrx_word' id='word_1_495' title='bbox 1325 3140 1579 3188; x_wconf 73' lang='lat' dir='ltr'>necess‘arius</span> <span class='ocrx_word' id='word_1_496' title='bbox 1596 3141 1710 3186; x_wconf 82' lang='lat' dir='ltr'>enim</span> <span class='ocrx_word' id='word_1_497' title='bbox 1720 3152 1817 3185; x_wconf 82' lang='lat' dir='ltr'>erat</span> <span class='ocrx_word' id='word_1_498' title='bbox 1831 3138 1944 3187; x_wconf 78' lang='lat' dir='ltr'>inter</span> <span class='ocrx_word' id='word_1_499' title='bbox 1960 3137 2045 3181; x_wconf 85' lang='lat' dir='ltr'>ho-</span> 
     </span>
     <span class='ocr_line' id='line_1_47' title="bbox 401 3196 2043 3268; baseline -0.009 -10"><span class='ocrx_word' id='word_1_500' title='bbox 401 3211 546 3258; x_wconf 86' lang='lat' dir='ltr'>mines</span> <span class='ocrx_word' id='word_1_501' title='bbox 557 3206 712 3267; x_wconf 83' lang='lat' dir='ltr'>aliquis</span> <span class='ocrx_word' id='word_1_502' title='bbox 724 3203 766 3250; x_wconf 91' lang='lat' dir='ltr'>se</span> <span class='ocrx_word' id='word_1_503' title='bbox 782 3203 1011 3268; x_wconf 85' lang='lat' dir='ltr'>obligandi</span> <span class='ocrx_word' id='word_1_504' title='bbox 1028 3202 1208 3258; x_wconf 87' lang='lat' dir='ltr'>modus,</span> <span class='ocrx_word' id='word_1_505' title='bbox 1226 3217 1369 3265; x_wconf 89' lang='lat' dir='ltr'>neque</span> <span class='ocrx_word' id='word_1_506' title='bbox 1387 3217 1498 3252; x_wconf 74' lang='lat' dir='ltr'>vero</span> <span class='ocrx_word' id='word_1_507' title='bbox 1526 3201 1634 3248; x_wconf 84' lang='lat' dir='ltr'>alius</span> <span class='ocrx_word' id='word_1_508' title='bbox 1650 3199 1812 3248; x_wconf 81' lang='lat' dir='ltr'>modus</span> <span class='ocrx_word' id='word_1_509' title='bbox 1833 3196 2043 3245; x_wconf 83' lang='lat' dir='ltr'>naturalis</span> 
     </span>
     <span class='ocr_line' id='line_1_48' title="bbox 402 3258 2043 3336; baseline -0.01 -16"><span class='ocrx_word' id='word_1_510' title='bbox 402 3272 508 3336; x_wconf 85' lang='lat' dir='ltr'>fingi</span> <span class='ocrx_word' id='word_1_511' title='bbox 528 3267 672 3332; x_wconf 89' lang='lat' dir='ltr'>potest</span> <span class='ocrx_word' id='word_1_512' title='bbox 689 3304 700 3323; x_wconf 89' lang='lat'>,</span> <span class='ocrx_word' id='word_1_513' title='bbox 718 3268 735 3327; x_wconf 92' lang='lat'><em>)</em></span> <span class='ocrx_word' id='word_1_514' title='bbox 768 3268 825 3314; x_wconf 90' lang='lat' dir='ltr'>ab</span> <span class='ocrx_word' id='word_1_515' title='bbox 838 3266 927 3314; x_wconf 82' lang='lat' dir='ltr'>hoc</span> <span class='ocrx_word' id='word_1_516' title='bbox 960 3264 1057 3328; x_wconf 87' lang='lat' dir='ltr'>ipso</span> <span class='ocrx_word' id='word_1_517' title='bbox 1074 3263 1206 3312; x_wconf 89' lang='lat' dir='ltr'>fonte</span> <span class='ocrx_word' id='word_1_518' title='bbox 1220 3265 1318 3325; x_wconf 86' lang='lat' dir='ltr'>jura</span> <span class='ocrx_word' id='word_1_519' title='bbox 1332 3263 1482 3310; x_wconf 83' lang='lat' dir='ltr'>civilia</span> <span class='ocrx_word' id='word_1_520' title='bbox 1510 3262 1740 3310; x_wconf 85' lang='lat' dir='ltr'>fluxerunt.</span> <span class='ocrx_word' id='word_1_521' title='bbox 1771 3258 1895 3307; x_wconf 88' lang='lat' dir='ltr'>Nam</span> <span class='ocrx_word' id='word_1_522' title='bbox 1906 3260 1981 3320; x_wconf 87' lang='lat' dir='ltr'>qui</span> <span class='ocrx_word' id='word_1_523' title='bbox 1998 3258 2043 3304; x_wconf 82' lang='lat' dir='ltr'>se</span> 
     </span>
     <span class='ocr_line' id='line_1_49' title="bbox 404 3320 2046 3418; baseline -0.012 -33"><span class='ocrx_word' id='word_1_524' title='bbox 404 3334 544 3386; x_wconf 76' lang='lat' dir='ltr'>coetui</span> <span class='ocrx_word' id='word_1_525' title='bbox 558 3330 688 3382; x_wconf 79' lang='lat' dir='ltr'>alicui</span> <span class='ocrx_word' id='word_1_526' title='bbox 702 3342 1071 3397; x_wconf 80' lang='lat' dir='ltr'>aggregaverant,</span> <span class='ocrx_word' id='word_1_527' title='bbox 1091 3340 1169 3378; x_wconf 82' lang='lat' dir='ltr'>aut</span> <span class='ocrx_word' id='word_1_528' title='bbox 1181 3322 1674 3418; x_wconf 37' lang='lat' dir='ltr'>hominithominibusve</span> <span class='ocrx_word' id='word_1_529' title='bbox 1687 3321 1980 3385; x_wconf 82' lang='lat' dir='ltr'>subjecerant,</span> <span class='ocrx_word' id='word_1_530' title='bbox 2000 3320 2046 3366; x_wconf 80' lang='lat' dir='ltr'>hi</span> 
     </span>
     <span class='ocr_line' id='line_1_50' title="bbox 1398 3395 2053 3449; baseline -0.002 -16"><span class='ocrx_word' id='word_1_531' title='bbox 1398 3399 1434 3449; x_wconf 82' lang='lat'>5</span> <span class='ocrx_word' id='word_1_532' title='bbox 1976 3395 2053 3432; x_wconf 81' lang='lat' dir='ltr'>aut</span> 
     </span>
    </p>
   </div>
   <div class='ocr_carea' id='block_1_3' title="bbox 2054 2886 2237 3026">
    <p class='ocr_par' dir='ltr' id='par_1_3' title="bbox 2054 2886 2237 3026">
     <span class='ocr_line' id='line_1_51' title="bbox 2054 2886 2236 2926; baseline -0.022 -4"><span class='ocrx_word' id='word_1_533' title='bbox 2054 2890 2090 2922; x_wconf 78' lang='lat' dir='ltr'>L.</span> <span class='ocrx_word' id='word_1_534' title='bbox 2107 2895 2143 2921; x_wconf 72' lang='lat' dir='ltr'>ut</span> <span class='ocrx_word' id='word_1_535' title='bbox 2156 2886 2236 2926; x_wconf 70' lang='lat' dir='ltr'>vim,</span> 
     </span>
     <span class='ocr_line' id='line_1_52' title="bbox 2057 2932 2237 2977; baseline -0.017 -9"><span class='ocrx_word' id='word_1_536' title='bbox 2057 2938 2102 2968; x_wconf 87' lang='lat' dir='ltr'>D.</span> <span class='ocrx_word' id='word_1_537' title='bbox 2118 2932 2237 2977; x_wconf 58' lang='lat' dir='ltr'>dejufl.</span> 
     </span>
     <span class='ocr_line' id='line_1_53' title="bbox 2058 2982 2186 3026; baseline -0.008 -13"><span class='ocrx_word' id='word_1_538' title='bbox 2058 2982 2186 3026; x_wconf 56' lang='lat' dir='ltr'>&amp;jura</span> 
     </span>
    </p>
   </div>
  </div>
 </body>
</html>
