2475 3854
790 255 1683 298 ACPACIS,1.113.1.
1979 260 2028 300 m

379 333 488 370 vam
505 329 634 366 notat
651 316 917 382 inVnguino
938 356 949 376 ‚
977 318 1104 381 quod
1131 320 1166 365 is
1193 318 1478 385 Norvagiam
1500 324 1762 369 testamento
1779 324 2028 388 reliquisset,

381 398 474 430 non
494 382 555 428 est
572 379 699 443 quod
723 381 1037 445 improbemus
1055 421 1067 438 ,
1103 381 1132 427 fi
1161 384 1491 429 Germanorum
1521 402 1673 431 mores
1689 386 1860 449 respicit
1881 425 1891 442 ,
1909 389 2028 450 apud

383 460 499 507 quos
516 459 652 507 regna
679 458 739 489 eo
771 445 870 504 jure
886 445 1071 492 minime
1102 444 1393 492 habebantur.
1425 446 1551 493 Nam
1571 447 1689 509 quod
1713 448 1905 495 Carolus
1922 450 2027 496 Ma-

417 523 496 553 nus
516 544 528 562 ‚
545 509 594 551 &
624 505 886 553 Ludovicus
916 505 1018 553 Pius
1035 545 1046 561 ,
1084 509 1132 552 &
1161 508 1236 553 alii
1269 509 1418 571 postea
1436 512 1569 556 etiam
1588 510 1699 571 apud
1736 511 1966 557 vandalos
1981 513 2029 556 δε

383 523 634 633 ἓΙιιηςειτοε
648 567 705 613 de
724 570 870 634 regnis
899 569 1044 616 testati
1072 569 1279 634 leguntur
1296 609 1307 626 ‚
1343 572 1368 597 ²*
1400 571 1444 617 id
1462 572 1863 620 commendationis
1890 576 2032 636 magis

386 633 481 678 vim
497 628 615 694 apud
632 632 852 693 populum
874 629 1067 679 habebat
1082 670 1092 687 ,
1113 649 1246 693 quam
1266 650 1377 680 vera:
1403 635 1699 681 alienationis.
1736 637 1881 697 Atque
1909 636 1952 681 id
1969 637 2026 680 de

387 693 564 741 Carolo
581 691 807 757 speciatim
827 691 932 741 Ado
949 710 1174 741 memorat
1191 733 1203 751 ‚
1224 696 1405 742 voluisse
1423 713 1525 742 cum
1542 697 1846 744 testamentum
1866 698 1987 745 suum
2003 702 2029 744 a

385 756 662 805 Francorum
693 757 986 819 optimatibus
1002 757 1273 803 confirmari.
1305 758 1461 804 Simile
1478 759 1537 805 est
1569 760 1691 819 quod
1711 761 1827 821 apud
1849 760 2027 807 Livium
2049 760 2186 795 Limli'h.
2201 769 2236 797 ¹·

388 817 781 884 legimus,Regem
796 819 1105 866 Macedonum
1124 819 1377 883 Philippum
1395 837 1497 866 cnm
1513 820 1668 867 Persea
1682 827 1707 868 a
1725 839 1861 886 regno
1880 839 2032 871 arcere

388 883 438 928 δε
456 883 552 944 ejus
568 880 675 927 loco
693 896 846 944 regem
863 881 1010 928 facere
1027 882 1159 927 vellet
1177 882 1452 944 Antigonum
1471 882 1618 929 fratris
1636 883 1693 931 sui
1711 882 1862 941 filium,
1880 886 2030 933 obiisse

389 942 675 992 Macedoniae
691 946 824 992 urbes
838 983 849 1000 ,
871 944 952 991 *ut
968 943 1238 1006 principibus
1262 946 1539 1008 Antigonum
1557 949 1909 994 commendaret.
1926 948 2028 997 Nec

423 1007 521 1054 uod
534 1004 656 1052 idem
672 1007 746 1053 ille
764 1005 1030 1054 Ludovicus
1042 1006 1200 1053 urbem
1221 1007 1420 1054 Romam
1441 1006 1633 1054 Pascliali
1660 1008 1860 1056 Pontifici
1878 1011 2028 1058 reddi-

388 1024 498 1116 disse
510 1069 690 1131 legitur,
709 1070 766 1116 ad
786 1085 882 1116 rem
900 1066 1007 1115 facit
1023 1106 1034 1124 ,
1053 1084 1157 1115 cum
1175 1069 1328 1117 Franci
1345 1071 1582 1133 imperium
1601 1071 1643 1116 in
1660 1071 1815 1118 urbem
1833 1072 2032 1120 Romam

390 1135 419 1180 ὲ
436 1133 612 1196 populo
624 1129 837 1178 Romano
871 1147 974 1178 acce
1008 1146 1103 1177 tum
1123 1172 1134 1188 ‚
1153 1131 1346 1178 reddere
1372 1134 1522 1179 eidem
1540 1134 1710 1196 populo
1740 1134 1858 1180 redte
1871 1150 2032 1195 potue-

391 1196 480 1242 rint
499 1232 511 1250 ‚
548 1195 674 1255 cujus
692 1195 845 1259 populi
873 1210 960 1257 qua
979 1213 992 1242 1
1009 1193 1243 1256 personam
1273 1194 1503 1243 sustinebat
1519 1196 1555 1240 is
1572 1232 1583 1251 ,
1613 1197 1687 1257 qui
1702 1199 1836 1258 primi
1863 1196 2032 1244 ordinis

390 1259 598 1322 princeps
621 1271 728 1304 erat.

457 1320 508 1369 X
525 1321 545 1366 l
560 1319 616 1367 V.
653 1316 794 1374 Quod
812 1330 963 1365 autem
993 1317 1079 1364 huc
1110 1317 1248 1381 usque
1272 1320 1526 1366 monuimus
1543 1358 1554 1374 ‚
1573 1319 1917 1385 distinguendam
1951 1321 2034 1367 esse

391 1383 698 1432 Iumiiiitatein
714 1382 888 1448 imperii
905 1381 961 1427 ab
980 1380 1170 1426 habendi
1188 1381 1477 1444 plenitudine,
1497 1382 1613 1429 adeo
1630 1399 1786 1431 verum
1804 1383 1863 1428 est
1879 1398 1927 1429 ut
1944 1399 2034 1429 non

394 1445 545 1495 modo
571 1444 783 1508 pleraque
798 1445 986 1505 imperia
1002 1442 1173 1489 summa
1204 1459 1295 1489 non
1312 1444 1438 1506 plene
1451 1445 1696 1492 habeantur
1713 1484 1725 1502 ‚
1743 1446 1816 1493 sed
1833 1447 1881 1490 &
1894 1446 2034 1491 multa

393 1523 495 1556 non
525 1506 696 1553 summa
720 1508 964 1553 habeantur
978 1505 1133 1568 plene:
1163 1523 1254 1567 quo
1275 1506 1323 1551 fir
1354 1510 1378 1535 *
1415 1521 1464 1553 ut
1483 1508 1810 1554 marchionatus
1827 1508 1874 1553 &
1890 1508 2036 1554 comi·

394 1586 514 1619 tatus
531 1567 703 1616 facilius
718 1583 853 1630 quam
871 1584 1005 1630 regna
1021 1567 1214 1613 vendi&
1228 1568 1491 1614 testamento
1510 1570 1696 1631 relinqui
1716 1569 1893 1616 soleant.

459 1631 509 1680 X
524 1631 581 1680 V.
618 1630 693 1679 Est
707 1633 757 1677 &
773 1632 963 1677 alterum
978 1630 1109 1688 hujus
1126 1628 1386 1676 discriminis
1403 1630 1615 1678 indicium
1634 1634 1658 1659 *²
1674 1633 1719 1677 in
1737 1633 1861 1695 regni
1878 1633 2033 1686 tutela,

395 1696 508 1744 dum
526 1709 607 1741 rex
623 1707 750 1741 :etate
762 1732 773 1749 ,
793 1708 869 1740 aut
887 1691 1054 1739 morbo
1072 1690 1198 1757 fungi
1229 1692 1445 1756 potestate
1461 1691 1531 1739 sua
1549 1693 1806 1755 impeditur.
1840 1692 1965 1739 Nam
1990 1695 2034 1739 in

395 1757 545 1821 regnis
562 1773 653 1820 quae
669 1771 757 1802 non
775 1754 871 1802 sunt
901 1755 1232 1815 patrimonialia
1251 1792 1262 1810 ,
1280 1755 1420 1800 tutela
1446 1770 1602 1802 corum
1621 1757 1680 1802 est
1727 1756 1853 1802 uibus
1869 1755 1940 1800 lex
1956 1772 2038 1817 pu·-

396 1821 514 1869 blica
531 1857 544 1875 ,
563 1833 639 1865 aut
655 1833 706 1865 ea
722 1818 958 1864 deficiente
990 1820 1016 1849 *
1050 1815 1280 1864 consensus
1297 1818 1448 1879 populi
1478 1834 1576 1864 eam
1595 1773 1792 1864 mandat,
1827 1819 1875 1866 In
1891 1819 2037 1880 regnis

397 1880 786 1948 patrimonialibus
812 1896 973 1927 eorum
1007 1882 1032 1911 *
1064 1895 1179 1941 quos
1207 1892 1332 1942 pater
1355 1895 1430 1925 aut
1448 1882 1679 1943 propinqui
1700 1881 1930 1943 elegerint.
1963 1878 2039 1924 Sic

398 1945 605 1994 videmus
619 1944 666 1989 in
683 1944 972 2006 Epirotarum
989 1958 1131 2004 restno
1148 1979 1159 1998 ,
1173 1941 1299 2003 quod
1317 1940 1523 1987 consentu
1539 1943 1690 2005 populi
1709 1958 1859 1988 ortum
1875 1939 2035 1993 fuerat,

403 2007 545 2056 Aribae
560 2008 655 2071 regi
667 2006 852 2069 pupilllo
886 2006 912 2033 *
947 2006 1038 2070 pub
1057 2009 1124 2052 ice
1151 2018 1322 2050 tutores
1343 2004 1604 2050 constitutos
1622 2020 1632 2051 ε
1651 2006 1699 2049 δι’
1724 2009 1750 2051 a
1780 2002 2038 2065 proceribus
2053 2005 2119 2058 lust}
2137 2006 2268 2040 Arm.

402 2068 718 2118 Macedonum
734 2067 977 2115 Alexandri
1009 2067 1168 2129 Magni
1195 2066 1446 2128 posthumo.
1480 2070 1540 2112 At
1557 2083 1604 2112 ni
1618 2066 1716 2112 Afia
1733 2068 1904 2111 minore
1920 2063 2039 2109 bello
2060 2057 2139 2133 {222
2149 2054 2204 2132 ξό-

432 2147 528 2180 arta
545 2147 626 2180 rex
641 2131 861 2178 Eumenes
877 2131 1035 2178 Attalo
1055 2131 1145 2176 filio
1161 2127 1347 2174 fratrem
1366 2126 1488 2173 suum
1505 2142 1705 2173 tutorem
1726 2128 1868 2173 dedit.
1901 2125 1974 2172 Sic
1994 2125 2041 2171 fi·
2062 2147 2143 2177 pm,
2159 2125 2199 2176 A}
2208 2158 2244 2177 α.

419 2197 466 2242 io
484 2194 775 2257 Hieronymo
791 2206 919 2256 pater
934 2193 1081 2240 Hiero
1097 2195 1139 2238 in
1158 2189 1306 2236 Sicilia
1322 2205 1508 2253 regnans
1526 2205 1638 2251 quos
1656 2192 1795 2236 voluit
1812 2188 2046 2235 testamen·
2063 2190 2233 2233 merefrat.

401 2273 457 2307 to
491 2271 670 2304 tutores
700 2256 951 2318 affignavit.
988 2254 1097 2301 Sive
1115 2269 1226 2300 vero
1245 2268 1324 2298 rei<
1342 2252 1467 2298 simul
1499 2251 1550 2297 sit
1567 2254 1744 2313 privato
1764 2254 1862 2311 jure
1880 2249 2047 2294 fundo-

400 2337 505 2370 rum
519 2320 732 2367 dominus
748 2357 760 2375 ‚
779 2320 806 2346 *
840 2331 890 2364 ut
907 2316 1007 2363 Rex
1025 2317 1209 2382 AEgypti
1237 2314 1332 2377 post
1351 2314 1524 2376 Iosephi
1543 2328 1716 2377 tempus
1736 2352 1745 2369 ‚
1767 2315 1812 2360 δε
1830 2312 2042 2360 Indorum
2065 2320 2130 2353 bb.
2149 2326 2204 2352 ιι.

402 2398 547 2447 reges,
567 2394 849 2428 memorante
865 2378 1097 2434 Diodoro,
1118 2395 1167 2424 ac
1185 2376 1405 2423 Strabone
1424 2414 1434 2430 ,
1455 2376 1625 2421 seunon
1643 2376 1693 2421 sit
1712 2415 1721 2432 ,
1742 2377 1830 2421 hoc
1855 2375 2043 2436 imperio
2064 2369 2132 2401 ω’·
2146 2375 2207 2400 “²

402 2443 702 2493 extrinsecum
719 2443 781 2490 est
796 2481 809 2499 ,
828 2458 907 2488 nec
924 2440 981 2486 ad
997 2443 1093 2499 ejus
1108 2455 1311 2486 naturam
1342 2439 1545 2501 pertinet.
1581 2440 1732 2499 Qare
1760 2453 1838 2483 nec
1870 2436 2044 2498 imperii

402 2509 597 2574 speciem
612 2506 772 2563 aliam,
789 2519 932 2567 neque
949 2504 1084 2549 alium
1100 2501 1293 2549 habendi
1322 2501 1495 2564 imperii
1527 2501 1715 2546 modum
1742 2501 1831 2546 hoc
1863 2499 2042 2561 quidem

404 2569 644 2619 constituit.

474 2632 526 2681 X
541 2631 582 2680 V
600 2633 631 2679 Ι.
670 2629 835 2677 Tertia
853 2625 1112 2674 observatio
1127 2625 1178 2673 fit
1196 2665 1207 2683 ,
1238 2642 1328 2672 non
1347 2625 1542 2672 desinere
1573 2623 1790 2671 summum
1808 2624 1889 2670 esse
1907 2624 1965 2667 im
1971 2638 2025 2684 pc
2038 2649 2049 2658 =

405 2711 541 2751 num,
557 2696 696 2741 etiam
709 2693 742 2740 fi
755 2693 795 2738 is
812 2691 885 2753 qui
897 2691 1193 2752 imperaturus
1212 2689 1273 2735 est
1307 2690 1331 2714 *
1365 2689 1603 2751 promittat
1622 2687 1762 2748 aliqua
1781 2686 1962 2731 subditis
1974 2699 2046 2730 aut

409 2760 521 2809 Deo
540 2796 552 2815 ,
570 2757 708 2805 etiam
736 2754 840 2801 talia
853 2769 945 2814 quae
962 2752 1020 2798 ad
1034 2752 1209 2813 imperii
1234 2753 1454 2796 rationem
1471 2752 1731 2810 pertineant.
1770 2749 1868 2794 Nec
1884 2750 1973 2806 jam
1992 2747 2049 2792 de

410 2820 734 2869 observatione
761 2818 870 2877 juris
900 2812 1114 2862 naturalis
1141 2815 1189 2858 &
1217 2812 1359 2859 divini
1379 2811 1521 2860 ,adde
1537 2813 1733 2875 gentium
1754 2849 1764 2861 ,
1786 2808 2048 2870 loquor‚ad

409 2899 545 2948 quam
563 2896 693 2929 renes
706 2894 866 2926 omnes
881 2890 1102 2931 tenentur,
1120 2875 1289 2921 etiamst
1307 2874 1412 2919 nihil
1430 2873 1709 2935 promiserint
1726 2911 1735 2927 ‚
1751 2871 1778 2918 s
1769 2872 1825 2918 ed
1847 2872 1904 2915 de
1919 2885 2048 2930 regu-

410 2947 465 2995 lis
493 2923 760 3009 quibsfsdam
786 2940 845 2987 ad
876 2956 985 3001 quas
1014 2938 1102 2985 sine
1126 2936 1338 3000 promisso
1373 2951 1460 2981 nou
1478 2949 1749 2981 tenerentur.
1784 2933 1947 2980 Verum
1965 2929 2048 2998 else

445 3008 541 3056 uod
554 3007 660 3054 dico
676 3020 734 3050 ex
749 3000 1030 3050 similitudine
1046 2998 1369 3063 patrisfamilias
1387 3012 1567 3060 apparet
1591 3036 1600 3052 ,
1620 2998 1691 3057 qui
1712 2997 1737 3041 fi
1758 2996 1862 3056 quid
1879 2991 2052 3061 familia:

412 3026 641 3121 {aarum
663 3068 708 3115 se
722 3065 973 3129 promiserit
989 3101 999 3114 ,
1057 3060 1149 3108 uod
1174 3060 1228 3106 ad
1246 3059 1424 3105 familiae
1440 3059 1805 3123 gubernationem
1820 3066 2048 3117 pertineat,

412 3150 506 3183 non
521 3148 581 3179 eo
597 3131 764 3178 desinet
777 3130 820 3174 in
837 3127 914 3175 sua
930 3077 1098 3171 famssia
1114 3126 1180 3182 jus
1194 3122 1426 3176 summum,
1447 3136 1662 3183 quantum
1679 3119 1764 3164 fert
1783 3115 1958 3162 familia.
1973 3115 2052 3181 lia-3

413 3194 658 3245 bere„Nec
674 3193 858 3239 maritus
874 3187 1061 3235 maritali
1080 3185 1296 3253 potestate
1313 3186 1510 3253 privatur
1526 3198 1583 3228 eo
1601 3180 1723 3242 quod
1743 3175 1906 3238 aliquid
1922 3189 2054 3220 uxori

414 3255 686 3324 promiserit.
700 3252 950 3304 Fatendum
967 3264 1133 3304 tamen,
1152 3246 1199 3293 id
1215 3247 1291 3293 ubi
1307 3250 1368 3302 nt,
1386 3244 1545 3292 arstius
1562 3238 1906 3304 quodammodo
1918 3235 2055 3356 ἑὶιὲιέῐ
