2380 3917
398 393 445 424 20
779 380 888 418 DE
996 377 1673 417 IVREBELLI

396 450 520 497 &ura
535 447 693 494 divinae
712 445 960 494 voluntatis
973 445 1017 491 in
1034 445 1185 510 legem
1201 445 1304 500 ivit,
1323 443 1387 490 ita
1404 457 1451 490 ut
1468 441 1726 490 Lamechus
1755 454 1941 504 quoque
1955 437 1984 469 ’⁸
2015 437 2078 488 ss·-

397 512 493 560 mili
514 511 714 558 facinore
730 522 998 573 perpetrato
1014 507 1331 571 impunitatem
1350 505 1428 552 fibi
1440 505 1495 552 ab
1513 506 1604 552 hoc
1620 504 1837 567 exemplo
1852 505 2074 568 promise—

394 577 470 624 rit,
487 574 603 620 Gen.
627 589 644 619 1
657 589 696 626 v,
713 585 786 633 24.
807 571 868 617 At
879 586 983 618 cum
1001 571 1094 629 jam
1113 584 1216 616 ante
1228 568 1466 626 diluvium,
1485 570 1717 632 gigantum
1735 582 1879 623 aetate,
1896 567 2080 631 promi-

396 635 752 684 scuai1w.11uiffet
769 632 960 680 caedium
974 632 1150 678 licentia
1169 668 1179 684 ‚
1206 631 1452 678 instaurato
1485 631 1583 693 post
1614 630 1838 678 diluvium
1870 629 2074 677 humano

396 714 585 761 genere,
608 715 661 744 ne
680 713 784 744 mos
799 695 922 742 idem
937 694 1242 744 invalesceret,
1263 693 1459 742 severius
1471 692 1803 741 occurrendum
1825 692 1954 741 Deus
1974 708 2078 740 cen-

394 762 496 809 suit:
513 764 560 806 &
577 760 763 824 repressa
774 761 942 822 prioris
958 758 1096 806 saeculi
1111 758 1312 813 lenitate,
1364 757 1460 804 uod
1477 772 1640 803 natura
1656 771 1749 803 non
1767 758 1970 819 iniquum
1987 753 2076 802 else

393 823 590 870 distabat
607 825 654 869 δε
671 822 760 886 ipse
776 821 991 885 permisit,
1011 821 1036 847 *
1055 835 1104 867 ut
1121 819 1269 867 insons
1289 834 1314 864 c
1349 835 1396 866 et
1428 820 1506 882 qui
1524 818 1806 867 homicidam
1824 818 2076 866 occidisset.

393 886 520 948 quod
539 886 693 948 postea
707 885 914 932 institutis
929 884 1109 945 judiciis
1140 879 1334 930 summas
1347 880 1412 928 ob
1427 881 1577 929 causas
1593 882 1650 929 ad
1668 882 1844 944 judices
1862 880 1986 930 solos
2001 896 2077 928 rc-

393 949 588 996 stric'tum
602 948 662 995 est
682 970 695 1006 3
713 950 774 996 ita
793 961 950 995 tamen
964 961 1014 994 ut
1026 946 1171 994 moris
1185 944 1355 1010 pristini
1372 944 1607 1010 vestigium
1625 944 1836 993 manserit
1853 946 1900 992 in
1912 948 2076 1006 jurec-

393 1014 466 1071 jus
482 1013 555 1075 qui
575 1011 775 1059 occisum
806 1010 1014 1076 sanguine
1035 1010 1247 1074 proxime
1262 1010 1510 1073 attingeret
1526 1047 1538 1067 ,
1555 1009 1695 1057 etiam
1715 1008 1816 1071 post
1840 1007 1990 1056 Mofis
2009 1007 2077 1054 le-

428 1090 519 1130 em,
537 1073 693 1137 quade
708 1090 757 1122 re
773 1071 890 1122 infra
906 1072 1044 1121 fufius
1055 1085 1226 1138 agetur.
1246 1071 1477 1138 Magnum
1495 1072 1713 1120 habemus
1736 1070 1971 1120 auctorem
1987 1087 2076 1118 no-

390 1091 486 1185 iirae
499 1138 890 1202 interpretationis
901 1135 1211 1184 Abrahamum
1230 1173 1242 1192 ,
1258 1137 1335 1198 qui
1357 1150 1462 1182 cum
1476 1135 1628 1201 legem
1659 1134 1779 1183 Noae
1796 1134 1953 1182 datam
1980 1150 2076 1183 non

390 1201 644 1263 ignoraret,
659 1217 787 1248 arma
803 1199 954 1247 sumfit
964 1201 1011 1248 in
1024 1198 1176 1264 Reges
1195 1211 1409 1263 quatuor,
1426 1211 1476 1245 ut
1494 1215 1587 1262 quae
1599 1198 1727 1263 plane
1740 1197 1952 1247 crederet
1965 1214 2074 1245 cum

393 1278 449 1310 ea
470 1264 572 1327 lege
590 1280 682 1311 non
695 1278 905 1329 pugnare.
923 1261 1000 1311 Sic
1011 1265 1061 1310 &
1072 1260 1230 1311 Moses
1247 1260 1506 1309 Amalecitis
1521 1262 1742 1327 populum
1772 1261 2076 1326 oppugnanti·

394 1324 480 1374 bus
496 1343 624 1374 arma
640 1326 760 1385 juffit
780 1343 810 1373 0
876 1328 969 1384 oni,
987 1341 1155 1374 naturae
1171 1324 1336 1372 scilicet
1350 1325 1451 1384 jure
1465 1324 1564 1372 usus
1582 1342 1595 1374 :
1616 1342 1722 1373 nam
1741 1325 1897 1374 Deum
1913 1324 1972 1372 de
1987 1327 2074 1373 hac

395 1405 447 1436 re
463 1388 694 1454 speciatim
711 1406 798 1437 con
822 1408 848 1437 u
867 1405 965 1437 tum
982 1405 1076 1436 non
1092 1403 1295 1460 apparet,
1314 1386 1621 1445 Exod.xv11,
1638 1385 1825 1452 9.Adde
1838 1389 1932 1450 jam
1945 1387 2074 1452 quod

392 1454 603 1515 capitalia
622 1452 835 1517 supplicia
849 1454 988 1500 necin
1006 1451 1261 1500 homicidas
1278 1463 1466 1509 tantum,
1489 1451 1568 1499 sed
1584 1452 1692 1499 &in
1707 1452 1821 1500 alios
1838 1451 2075 1499 facinoro-

394 1517 470 1563 sos
488 1515 694 1579 usurpata
712 1531 915 1580 apparet,
937 1531 1030 1565 non
1045 1515 1194 1564 modo
1209 1514 1329 1581 apud
1344 1513 1543 1579 populos
1560 1527 1803 1566 extraneos
1823 1553 1832 1572 ‚
1860 1514 1978 1575 seda
2011 1511 2075 1565 ud

392 1578 515 1643 ipsos
530 1582 608 1643 piae
625 1578 838 1627 doctrinae
850 1579 1072 1637 alumn08‚
1092 1580 1209 1628 Gen.
1224 1593 1462 1635 xxxvuI,
1479 1587 1560 1640 24,
1586 1573 1822 1627 Nimirum
1839 1580 1974 1641 conJ'e
2023 1596 2077 1627 u-

394 1657 446 1690 ra
463 1640 621 1689 divinae
636 1642 878 1690 voluntatis
890 1641 980 1706 ipsa
995 1642 1185 1690 naturali
1203 1643 1381 1691 ratione
1393 1640 1639 1703 adjuvante
1660 1646 1688 1690 a
1716 1642 1928 1691 fimilibus
1945 1643 2002 1690 ad
2018 1642 2075 1690 si-

397 1706 522 1751 milia
540 1705 812 1767 processerat
836 1744 848 1762 ,
869 1721 917 1754 ut
928 1704 1056 1768 quod
1073 1706 1119 1753 in
1130 1704 1413 1753 homicidam
1431 1703 1724 1760 coustitutum
1740 1720 1836 1754 erat
1859 1746 1871 1762 ,
1895 1705 1943 1754 in
1958 1705 2074 1755 alios

398 1783 584 1832 quoque
604 1770 772 1816 eximie
787 1783 1002 1816 nocentes
1023 1785 1114 1816 non
1144 1771 1349 1832 iniquum
1384 1768 1630 1816 videretur.
1669 1767 1784 1817 Sunt
1813 1771 1934 1816 enim
1953 1785 2075 1832 quae-

399 1834 508 1878 dam
526 1847 619 1893 quae
639 1832 735 1878 vitae
748 1833 1089 1897 aequiparantur,
1111 1846 1161 1879 ut
1181 1832 1477 1888 existimatio,
1498 1830 1649 1896 pudor
1663 1833 1890 1897 virginalis
1913 1868 1924 1884 ‚
1959 1832 2073 1881 fides

398 1895 696 1951 matrimonii,
715 1910 791 1942 aut
807 1894 895 1942 sine
914 1894 1073 1959 quibus
1090 1897 1183 1942 vita
1195 1910 1294 1943 tuta
1317 1894 1403 1941 esse
1419 1909 1512 1941 non
1538 1895 1686 1958 Potest
1701 1934 1713 1952 ‚
1733 1910 1785 1943 ut
1802 1897 1982 1958 imperii
1996 1894 2071 1943 so-

397 1959 609 2006 cietatem
626 1960 898 2006 continentis
917 1960 1185 2006 reverentia:
1203 1956 1445 2008 adversum
1460 1973 1557 2020 quae
1574 1959 1650 2021 qui
1667 1957 1855 2010 faciunt,
1868 1960 1898 2005 ii
1915 1958 2075 2007 homi·

400 2020 514 2068 cidis
529 2021 738 2069 meliores
758 2037 846 2067 non
866 2021 1094 2070 videntur.
1111 2021 1217 2069 Huc
1230 2022 1425 2083 pertinet
1442 2035 1570 2069 vetus
1585 2037 1681 2083 quae
1708 2020 1829 2084 apud
1847 2020 2074 2070 Hebraeos

401 2084 542 2132 exstat
559 2082 762 2141 traditio,
778 2084 900 2150 leges
920 2085 1066 2149 plures
1082 2083 1202 2131 Noae
1218 2084 1317 2132 filiis
1336 2082 1464 2131 datas
1480 2086 1507 2130 a
1523 2083 1632 2131 Deo
1650 2100 1745 2147 quae
1757 2101 1854 2132 non
1867 2100 2028 2133 omnes
2043 2089 2073 2135 Ξι

400 2145 537 2194 Mose
551 2162 733 2195 narratae
748 2147 828 2194 fint
843 2186 853 2204 ,
885 2149 991 2211 quia
1007 2147 1109 2195 satis
1144 2163 1241 2195 etat
1260 2146 1318 2194 ad
1338 2146 1469 2210 ipsius
1493 2146 1740 2194 institutum
1758 2163 1833 2196 eas
1855 2147 2010 2212 postea
2026 2151 2073 2196 in

401 2208 503 2273 lege
519 2211 728 2271 peculiari
744 2210 1048 2258 Hebraeorum
1064 2210 1148 2258 effe
1166 2208 1533 2276 comprehensas.
1557 2209 1866 2258 Sic·adversus
1895 2213 2073 2276 nuptias

398 2273 581 2321 incestas
603 2274 750 2339 legem
770 2288 975 2321 veterem
1006 2290 1262 2337 quanquam
1280 2284 1307 2320 a
1326 2270 1463 2320 Mose
1479 2271 1559 2320 suo
1593 2273 1702 2320 loco
1732 2289 1824 2320 non
1839 2290 2074 2322 memora-

397 2349 491 2382 tam
507 2335 710 2385 exstitiffe
724 2353 907 2400 appatet
920 2336 1069 2384 Levit.
1084 2353 1142 2383 xv
1153 2353 1172 2384 1
1184 2354 1202 2384 1
1217 2353 1253 2384 1.
1285 2337 1412 2383 Inter
1423 2350 1477 2382 ea
1493 2350 1644 2382 autem
1661 2353 1757 2398 quae
1784 2335 1903 2384 Noae
1919 2336 2074 2386 liberis

400 2397 528 2445 Deus
552 2398 693 2448 edixit
711 2400 801 2447 hoc
817 2416 1000 2463 quoque
1013 2403 1136 2461 ajunt
1149 2399 1275 2448 fuiffe
1298 2438 1310 2456 ,
1329 2414 1379 2446 ut
1395 2414 1486 2445 non
1502 2397 1753 2446 homicidia
1770 2414 1973 2459 tautum,
1993 2400 2071 2449 secl

397 2462 447 2505 &
465 2461 699 2519 adulteria,
716 2464 764 2509 δέ
780 2464 1047 2511 concubitus
1063 2464 1211 2510 incesti
1232 2502 1244 2521 ,
1278 2465 1391 2510 item
1406 2461 1614 2510 violentae
1641 2464 1803 2525 rapinae
1821 2479 1974 2511 morte
1987 2481 2072 2529 pu-

395 2524 612 2572 nirentur.
634 2526 775 2589 Qod
792 2525 935 2590 ipsum
964 2527 1235 2574 confirmant
1267 2525 1370 2572 lobi
1407 2524 1547 2573 verba
1559 2541 1704 2583 xxm,
1729 2541 1802 2573 11.
1839 2526 1937 2574 lam
1953 2543 2075 2577 vero

401 2585 507 2634 data
525 2605 602 2650 per
621 2589 802 2636 Moscm
836 2589 910 2636 lex
926 2588 1224 2637 sanctionibus
1252 2587 1522 2652 capitalibus
1550 2589 1749 2636 rationes
1767 2589 1921 2650 adjicit
1942 2629 1954 2650 ‚
1974 2608 2073 2655 quae

402 2650 519 2713 apud
542 2652 652 2698 alios
671 2653 865 2716 populos
890 2669 981 2699 non
998 2655 1146 2701 minus
1162 2669 1299 2716 quam
1327 2668 1353 2698 a
1387 2651 1449 2698 ud
1463 2650 1712 2699 Hebraeum
1741 2653 1961 2717 populum
1990 2670 2073 2703 va-

401 2713 493 2760 lent
510 2732 519 2761 :
534 2732 578 2760 ut
602 2715 753 2762 Levit.
776 2727 1134 2779 xx*111,24‚25‚
1153 2713 1321 2773 27,28.
1378 2715 1502 2762 salm.
1517 2730 1571 2762 cx
1592 2752 1604 2770 ,
1630 2728 1672 2775 5·-
1688 2713 1825 2763 Prov.
1843 2733 1924 2774 xx,
1943 2715 1988 2767 8.
2009 2718 2072 2765 Et

399 2777 544 2838 seculi
556 2780 686 2824 iriter
704 2777 763 2825 de
779 2779 1028 2825 homicidio
1044 2777 1210 2827 dicitur
1224 2794 1346 2826 terra
1362 2794 1460 2824 non
1474 2776 1597 2843 poffc
1613 2777 1784 2839 expiari
1796 2779 1876 2826 nisi
1895 2779 2075 2845 sangui·-

401 2855 454 2884 ne
474 2839 707 2887 homicida>
725 2839 840 2897 fuso,
859 2840 1152 2901 Num.xxxv,
1207 2858 1248 2899 1,
1268 2857 1348 2907 33·
1365 2839 1589 2888 Praeterea
1606 2839 1847 2892 abfilrdum
1862 2843 2072 2909 cogitatu

401 2902 478 2956 est,
499 2902 694 2949 Hebraeo
712 2904 883 2966 populo
901 2903 1144 2962 indultum,
1193 2905 1446 2970 il'ciplinam
1480 2906 1530 2951 &
1561 2902 1746 2951 salutem
1772 2903 1999 2968 publicam
2016 2920 2071 2954 ac

405 2963 694 3029 fingulorum,
715 2967 893 3013 munire
988 2968 1053 3014 nis
1069 2968 1334 3034 capitalibus
1361 2983 1413 3014 ac
1441 2965 1486 3014 se
1501 2965 1625 3014 bello
1640 2967 1756 3014 tueri
1777 3006 1788 3024 ,
1806 2969 1977 3017 caeteris
1991 2984 2071 3017 au-

403 3041 496 3073 tem
516 3028 691 3092 regibus
711 3027 897 3092 gentibu
919 3045 1006 3091 que
1019 3030 1145 3077 idem
1161 3031 1331 3080 eodem
1357 3043 1571 3092 tempore
1586 3044 1677 3076 non
1690 3029 1882 3078 licuiffe:
1921 3046 2072 3096 neque

403 3107 552 3136 tamen
574 3109 699 3153 iege-5
716 3107 797 3138 cos
812 3107 886 3138 aut
905 3107 1062 3154 gentes
1079 3111 1136 3140 un
1170 3110 1276 3141 uam
1308 3099 1334 3143 a
1352 3091 1599 3154 Prophetis
1615 3091 1878 3140 admonitos
1892 3094 2072 3157 impro-

401 3154 454 3201 ba
463 3157 497 3200 ri
515 3161 540 3202 'a
563 3155 668 3202 Deo
696 3154 822 3200 usum
841 3155 1098 3217 capitalium
1147 3157 1451 3220 uppliciornm
1471 3171 1522 3202 ac
1550 3154 1668 3203 bella
1684 3157 1837 3203 omnia
1856 3195 1868 3212 ,
1888 3155 1997 3204 ficut
2009 3156 2071 3205 de

403 3222 498 3267 aliis
515 3219 710 3280 peccatis
731 3217 954 3263 admoniti
974 3217 1081 3280 saepe
1097 3220 1206 3267 sunt.
1235 3219 1340 3267 Imo
1354 3232 1517 3266 contra
1533 3219 1630 3289 quis
1646 3235 1736 3265 non
1753 3217 1913 3266 credat
1930 3257 1941 3275 ,
1960 3235 2066 3268 cum

403 3283 472 3330 lex
493 3283 635 3330 Musis
655 3281 714 3327 de
736 3279 914 3339 judiciis
939 3281 1187 3343 expressam
1220 3281 1433 3329 habuerit
1466 3281 1628 3328 divmae
1642 3281 1889 3330 voluntatis
1906 3283 2070 3346 imagi-

404 3362 502 3392 nem
541 3386 551 3401 ,
589 3344 708 3392 reete
726 3359 775 3389 :tc
795 3345 866 3406 pic
882 3341 1078 3390 fadi-uras
1109 3343 1238 3391 fuisse
1251 3347 1458 3392 nationes
1506 3361 1568 3390 uae
1583 3345 1689 3392 inde
1708 3345 1786 3392 fibi
1803 3360 1936 3393 exem
1970 3343 2066 3392 lum

401 3424 603 3468 peterent
622 3406 787 3467 ?quod
801 3419 927 3455 cene
937 3407 1123 3457 Groecos
1136 3446 1150 3469 ,
1181 3407 1362 3458 Atticos
1376 3423 1465 3473 prae
1484 3402 1617 3458 ertiin
1634 3447 1648 3471 ,
1681 3405 1833 3459 fecisse
1847 3422 1922 3459 cre
1957 3405 2065 3518 ἱὲίίἐε
