2380 3917
1069 336 1493 380 INDEX.

507 431 557 473 ge
572 416 700 459 civili.
881 470 892 477 ·
1185 416 1268 469 ‚203

453 475 694 517 Exterorum
723 482 784 511 res
815 477 1039 511 retinentur
1077 477 1153 520 pro
1180 477 1271 517 jure

510 529 659 573 nostro,
677 538 744 567 aut
760 526 862 566 civis
877 523 1012 566 nostri.
1182 521 1267 582 3446

453 582 616 626 Externi
632 581 763 623 testari
780 596 862 623 non
890 578 1157 634 prohibentur
1179 588 1270 630 jure

512 638 698 679 naturali.
1183 640 1263 683 173

456 693 729 745 Externijuris
749 690 877 744 qualis
892 689 1081 731 efficacia.
1099 741 1109 747 .
1185 698 1267 738 493

458 751 677 792 Externum
715 746 948 789 dominium
989 746 1070 786 sme
1096 752 1271 784 interno.

1191 806 1271 846 493

461 857 683 902 Extrinseca
698 856 928 901 contrastui
957 868 1041 898 non
1053 852 1142 896 sunt
1170 852 1277 895 indi-

518 914 657 955 canda.
1191 918 1270 957 231

847 1023 896 1066 F.

560 1134 659 1175 Acio
674 1145 718 1176 nt
733 1133 867 1176 facias.

558 1190 681 1232 Facio
698 1203 742 1230 ut
756 1190 838 1231 des.
1189 1186 1281 1229 ibid.

466 1246 699 1290 l-'acinorofi
716 1260 764 1285 an
781 1242 1009 1298 sepeliendi.
1202 1245 1279 1290 308

465 1302 669 1352 Faculras‚
680 1301 783 1356 juris
797 1299 946 1353 species
965 1333 977 1351 ‚
992 1297 1093 1355 quid
1114 1297 1160 1340 &
1174 1311 1280 1354 quo-

518 1357 665 1410 triplex,
1257 1362 1278 1408 3

465 1413 654 1457 Faculras
669 1412 863 1462 eminens,
877 1410 995 1466 quid.
1255 1423 1279 1452 2

467 1483 590 1512 merae
606 1468 823 1510 Facultatis
834 1482 922 1523 quae
937 1465 1041 1518 sunt,
1054 1478 1106 1509 an
1121 1475 1280 1520 tempo-

520 1538 562 1564 re
576 1524 830 1566 amittantur.
1200 1531 1276 1570 143

466 1579 626 1623 Falsum
658 1579 792 1621 dicere
820 1577 969 1620 amenti
1001 1608 1013 1626 ‚
1044 1577 1090 1618 δι
1114 1575 1283 1629 infanti,

519 1650 602 1677 non
617 1635 670 1677 est
700 1635 880 1680 mentiri,
903 1634 1034 1678 striae
1050 1631 1195 1675 >summ
1212 1647 1287 1675 vo·

1199 1699 1283 1741 432

1190 1756 1277 1798 477

1194 1141 1277 1180 229

521 1705 581 1733 ce.

469 1746 575 1790 Fato
590 1746 676 1788 fieri
693 1760 781 1802 quae
795 1743 995 1787 dicantur.

468 1802 604 1844 Favor
615 1802 655 1843 in
672 1801 880 1854 promiffis.
1196 1803 1279 1852 278

470 1857 726 1899 favorabilia
740 1858 782 1899 in
797 1857 925 1899 dubio
940 1856 1079 1899 realia.
1196 1862 1281 1899 280

471 1912 778 1956 Favorabiliora
791 1913 1005 1967 quomodo
1017 1912 1281 1965 interpretan-

537 1969 603 2009 da.
1198 1974 1280 2020 278

473 2021 703 2066 Fetialium
718 2023 812 2063 usus
825 2023 988 2063 Romae.
1203 2033 1283 2076 394

471 2080 693 2122 feder-atus
720 2091 771 2119 an
785 2076 1056 2119 defendendus
1070 2086 1210 2119 contra
1225 2078 1283 2119 fe-

538 2136 741 2178 deratum.
1201 2147 1247 2183 41
1257 2149 1278 2186 3

474 2191 609 2233 fedus
622 2190 736 2243 quid.
1200 2193 1279 2241 263

472 2247 607 2290 fedus
621 2244 785 2300 quando
799 2253 1041 2286 renovatum
1068 2241 1285 2287 censeatur.

531 2317 552 2341 2
595 2311 608 2337 1

473 2313 609 2400 Pedias
623 2369 672 2397 an
683 2356 801 2396 duret
817 2365 928 2408 parte
942 2352 1112 2395 violata.
1209 2367 1285 2407 271

473 2413 608 2457 Fedus
649 2411 854 2466 antiquius
893 2411 1058 2465 quando
1086 2408 1293 2463 praeferen-

530 2469 642 2509 dum.
1209 2478 1293 2518 270

474 2524 606 2567 fedus
621 2536 714 2564 cum
731 2521 887 2575 populo
901 2521 1023 2563 reale.
1210 2521 1294 2564 280

473 2580 608 2623 Fedus
622 2591 716 2619 cum
732 2579 850 2634 Rege
863 2591 949 2619 non
986 2575 1139 2631 semper
1155 2576 1287 2631 perso-

526 2635 627 2675 nale.
1213 2646 1233 2672 2
1243 2636 1293 2673 80

473 2691 603 2734 fedus
615 2689 676 2743 jus
690 2689 760 2732 dat
784 2686 894 2744 Regi
921 2686 994 2742 qui
1010 2700 1139 2744 regno
1154 2686 1288 2741 pulsus

531 2746 599 2786 est.
1203 2757 1223 2784 2
1232 2749 1253 2785 8
1267 2755 1278 2781 1

473 2801 607 2843 Fedus
622 2813 717 2841 cum
745 2799 896 2853 populo
915 2830 926 2847 ‚
942 2809 1012 2840 ant
1035 2797 1143 2850 Justo
1174 2811 1284 2854 rege,

526 2855 699 2899 invasori
723 2855 798 2897 five
813 2867 984 2910 tyranno
1013 2867 1096 2896 non
1110 2854 1284 2908 prodest.

1207 2921 1229 2950 2
1238 2915 1258 2952 8
1269 2924 1284 2952 1

477 2966 607 3011 fedus
637 2965 828 3020 inaequale
858 2964 1021 3021 proprie
1040 2962 1290 3019 jurifflifflo-

528 3036 619 3064 nem
636 3036 717 3062 non
733 3023 812 3064 dar.
1233 3026 1286 3063 66

475 3078 606 3120 Fedus
624 3077 819 3130 inaequale
831 3077 956 3130 quod.
1230 3087 1284 3131 65

472 3133 620 3176 Pedere
636 3132 820 3186 inaequali
838 3130 908 3186 qui
926 3142 1085 3174 tenetur
1099 3133 1290 3188 populus,

526 3188 626 3227 liber
642 3187 711 3228 effe
724 3202 805 3228 non
822 3187 975 3229 definit.
1232 3192 1288 3229 66

1323 409 1363 451 in
1382 409 1533 451 Federe
1546 406 1727 463 superior
1740 408 1831 465 quis
1844 410 2019 453 dicatur.
2075 415 2130 456 66

1325 463 1486 508 Federis
1524 465 1739 519 rumpendi
1769 466 1940 509 materia
1982 465 2141 510 odiosa.

2057 536 2077 562 2
2113 538 2139 570 9

1324 575 1480 619 Federa
1495 574 1679 630 quaedam
1695 575 1806 632 idem
1823 577 2016 630 statuunt,
2027 534 2142 632 qugd

1371 630 1436 685 jus
1452 643 1620 681 natum,
1637 633 1681 673 &
1699 646 1834 686 quare.
2062 642 2141 684 264

1324 686 1486 729 Federis
1502 686 1683 740 princeps
1695 687 1920 742 imperium
1934 688 1976 730 in
1991 688 2144 744 quibus

1380 743 1499 785 rebus
1520 742 1677 785 habeat.
2083 747 2139 795 67

1325 797 1487 840 Federis
1502 797 1708 852 inaequalis
1722 798 1900 853 pericula
1912 804 2031 842 unde.
2087 803 2141 843 69

1324 852 1475 896 Federa
1503 852 1718 908 inaequalia
1745 855 2040 898 contrabuntur
2056 886 2068 906 ,
2083 866 2144 896 et-

1374 909 1457 951 iam
1473 908 1544 950 ubi
1559 910 1711 951 bellum
1726 924 1808 952 non
1823 909 1916 951 fuit.
2058 924 2080 948 2
2091 921 2143 953 66

1326 965 1480 1009 Pedem
1506 978 1558 1006 nn
1584 966 1773 1008 contrahi
1800 964 1942 1020 poffint
1955 977 2049 1006 cum
2066 965 2142 1012 his,

1383 1020 1456 1067 oui
1479 1019 1601 1062 alieni
1627 1020 1716 1063 sunt
1758 1022 1783 1064 εἰ
1811 1035 1906 1063 vera
1945 1020 2137 1076 Religio-

1379 1091 1429 1118 ne
1443 1111 1456 1129 ,
1486 1089 1574 1131 quae
1593 1107 1606 1126 ,
1635 1079 1680 1119 δι
1694 1089 1890 1132 quatenus
1901 1078 1991 1130 jure
2025 1090 2145 1119 natu-

1378 1146 1448 1183 rae,
1468 1131 1557 1187 jure
1568 1134 1761 1187 Hebraeo,
1770 1133 1861 1188 jure
1878 1132 2143 1187 Euangelico.

1833 1198 1928 1239 266,
1949 1198 2046 1238 267,
2064 1194 2142 1232 268

1332 1243 1484 1286 Federa
1509 1255 1605 1288 cum
1618 1243 1856 1297 quibusdam
1871 1244 2033 1299 populis
2045 1244 2148 1286 veti-

1384 1311 1426 1340 ta
1443 1299 1535 1355 lege
1549 1300 1734 1341 Hebraea.
2064 1309 2147 1350 246

1331 1353 1484 1397 Federa
1499 1368 1587 1410 quae
1598 1353 1839 1398 favorabilia
1856 1383 1868 1403 ,
1883 1369 1972 1410 quae
1986 1355 2145 1398 odiosa.

2066 1417 2147 1455 280

1328 1465 1488 1526 Fed-era
1498 1465 1670 1527 aequalia
1683 1494 1695 1514 ,
1711 1476 1799 1509 tum
1814 1464 1923 1522 phcis
1935 1497 1949 1518 ,
1978 1477 2068 1510 tum
2084 1467 2147 1509 so·

1386 1533 1560 1564 cretatis.
2065 1532 2116 1565 26
2122 1539 2140 1571 ς

1332 1577 1483 1623 Federa
1499 1578 1722 1632 inaeqnalia.
2045 1578 2139 1621 ibid.

1330 1634 1485 1677 Federa
1501 1634 1672 1689 aequalia
1687 1635 1737 1676 dc
1754 1631 2027 1676 commerciis.
2056 1633 2147 1677 ibid.

1334 1687 1488 1731 Federa
1504 1689 1737 1743 personalia.
2070 1697 2150 1733 280

1333 1744 1486 1792 Federa
1502 1745 1638 1787 realia.
2053 1745 2149 1789 ibid.

1335 1802 1366 1843 F
1370 1800 1520 1843 ederati
1533 1801 1749 1856 inaequales
1762 1815 1811 1844 an
1821 1800 1888 1855 jus
1901 1801 2062 1858 legendi
2075 1801 2149 1844 ha-

1384 1857 1516 1898 beant.
2070 1871 2147 1907 295

1331 1911 1531 1955 Federum
1544 1911 1703 1955 divisio.
2069 1923 2152 1965 264

1333 1967 1535 2009 Fedetum
1548 1967 1811 2022 inaequalium
1826 1967 1990 2012 divifio.
2066 1979 2147 2018 265

1330 2023 1528 2084 Pede-turn
1555 2023 1763 2068 distinetio
1790 2023 1898 2067 circa
1922 2024 1986 2079 jus
2014 2023 2152 2080 postli-

1385 2092 1521 2121 minu.
2073 2093 2151 2132 504

1333 2134 1509 2177 Feminae
1535 2133 1701 2188 captiva:
1733 2151 1742 2176 :
1769 2135 2040 2178 Hebraeorum
2084 2137 2152 2178 lex

1390 2202 1463 2242 pro
1490 2189 1585 2233 illis.
2064 2195 2151 2243 464

1336 2245 1514 2286 Feminae
1540 2244 1755 2287 succedunt
1782 2245 1824 2288 in
1852 2245 1988 2303 regnis
2029 2247 2154 2302 patri-.

1390 2300 1635 2342 monialibus
1645 2331 1655 2341 .
2072 2315 2086 2343 1
2098 2303 2120 2346 8
2131 2315 2148 2344 t

1338 2356 1512 2398 Feminae
1539 2355 1754 2413 quomodo
1786 2356 1976 2401 obnoxiae
2002 2357 2154 2402 bellico

1387 2411 1486 2464 juri.
2069 2430 2086 2463 5
2101 2428 2112 2456 ι
2125 2428 2153 2466 9

1340 2467 1516 2509 Feminis
1543 2469 1806 2519 parcendum.
2060 2469 2154 2513 ibid.

1341 2522 1447 2563 Ferae
1460 2535 1634 2575 quorum
1649 2524 1734 2564 lint.
1754 2539 1767 2566 1
1783 2537 1794 2562 r
1810 2534 1842 2575 ς.
1860 2523 1926 2565 lex
1939 2558 1951 2578 ,
1968 2538 2058 2580 quae
2086 2540 2156 2568 eas

1394 2578 1482 2633 regi
1497 2578 1659 2622 addicit.
1675 2594 1755 2620 non
1772 2579 1927 2632 injusta.
2061 2581 2155 2626 ibid.

1345 2632 1450 2674 Ferae
1465 2634 1505 2674 in
1519 2632 1636 2688 sylvis
1653 2635 1817 2687 privatis
1843 2648 1929 2676 non
1958 2633 2049 2677 sunt
2063 2638 2155 2678 nul-

1397 2688 1492 2730 hus.
1965 2701 2153 2743 ¹96·197

1345 2743 1452 2787 Ferae
1480 2742 1567 2785 sunt
1592 2742 1823 2799 Principum
1839 2744 1880 2786 in
1914 2746 2154 2798 Germania,

2078 2809 2153 2852 198

1342 2854 1460 2914 Feras
1475 2867 1524 2896 an
1540 2854 1731 2897 dominus
1746 2855 1922 2906 amittat,
1941 2856 1966 2898 fi
1983 2855 2156 2913 aufuge-

1397 2921 1489 2952 rint.

2077 2927 2091 2953 1

1344 2964 1644 3007 Ferruminatio
1659 2980 1740 3008 non
1754 2965 1853 3009 facit
1864 2927 2155 3011 confusioneiii.

1344 3075 1477 3118 Feuda
1494 3077 1658 3129 anca,
1677 3077 1753 3118 five
1766 3078 1907 3120 libera.
2068 3036 2152 3128 223

1343 3131 1478 3173 Feuda
1491 3132 1673 3189 longaeva
1689 3131 1914 3187 poffeffione
1937 3135 2155 3192 acquirun-

1403 3199 1481 3228 tur.
2077 3206 2149 3242 141

474 3243 624 3287 federe
649 3243 835 3296 inaequali
863 3242 932 3295 qui
960 3254 1119 3302 tenerur
1135 3258 1200 3284 rex
1217 3258 1291 3299 po·
1341 3241 1514 3286 Feudale
1523 3241 1591 3297 jus
1619 3242 1660 3285 in
1674 3234 1878 3298 personam
1895 3279 1906 3299 ,
1926 3246 2027 3289 &in
2046 3258 2152 3289 rem.

526 3297 596 3340 test
619 3296 823 3343 surrunum
852 3297 1071 3353 imperium
1101 3299 1289 3342 retinere.

2094 3313 2146 3350 69

1231 3359 1306 3413 66,
1337 3353 1524 3399 Feudalis
1550 3353 1756 3412 obligatio
1785 3370 1866 3399 non
1894 3356 2005 3400 tollit
2046 3355 2155 3397 surn-

2035 3422 2155 3454 mum
