2380 3917
480 409 675 442 teneatur.
1162 401 1238 434 292.
1290 386 1451 442 Injuriae
1477 388 1663 442 quaedam
1680 386 2115 443 serendae,&quales.

427 452 725 507 Incestumjure
741 446 939 506 gentium.
1130 496 1141 503 ,
1162 453 1243 496 150
1347 495 1357 504 .
1420 496 1430 502 ·
1453 496 1464 503 ·
1647 496 1657 503 ⁶
2055 447 2111 484 28

423 506 700 563 incorporalia
715 518 809 546 cum
831 501 997 557 persone
1021 510 1239 553 acquirun-
1296 496 1490 594 Injitkistitia
1501 497 1711 542 committi
1725 497 1851 552 potest
1865 497 1909 542 in
1920 497 2030 541 bello
2039 496 2115 549 ju-

482 578 563 605 tur.
1153 563 1236 603 49¹
1379 567 1422 593 0·
2031 563 2111 607 512.

423 619 706 662 loramentum
735 612 912 655 militare
950 609 1238 654 Romanorum
1290 606 1488 662 Iujustum
1502 606 1618 662 qnid.
2081 617 2112 648 2

478 676 527 715 dc
544 672 680 726 praeda.
1159 669 1238 716 483
1291 662 1433 718 Injusti
1442 663 1599 717 judices
1611 697 1620 715 ,
1636 663 1751 710 testes
1767 697 1779 715 ‚
1793 663 2043 707 accusatores
2061 661 2112 706 ad

423 729 637 772 Indefinita
667 739 740 780 pro
755 719 967 767 universali
992 719 1160 774 quando
1175 716 1239 759 su-
1349 719 1447 773 quid
1462 731 1690 763 teneantur.
2030 732 2111 765 292,

476 785 642 825 menda,
1158 779 1238 823 278
1291 772 1558 816 Innocentern
1590 789 1641 818 an
1654 772 2110 826 teneamurdefeudere,

421 839 512 880 Indi
527 839 659 891 plnres
686 846 834 876 uxores
852 831 1070 875 habebant.
1161 835 1237 890 [48
1263 560 1271 917 i
1352 831 1396 872 &
1410 831 1588 883 quando.
2030 841 2077 879 41
2085 841 2110 882 3

416 893 622 938 Indic‘tum
637 891 789 932 bellum
805 886 1033 947 principali,
1050 885 1164 928 fimul
1179 898 1239 927 in·
1286 883 1464 941 Infignia
1494 885 1615 946 regiae
1644 883 2108 945 potestatis-concedun-

476 950 630 990 diftum
646 943 816 987 subditis
833 946 877 987 ἀ
892 943 1027 985 soci1s.
1154 955 1204 992 45
1215 954 1238 993 3
1339 951 1407 982 tur
1423 940 1674 1000 principibus
1686 943 1825 996 populi
1839 940 1972 982 liberi.
2059 944 2109 994 58

422 1003 602 1045 Indistio
632 1002 742 1042 belli.
1044 1006 1141 1052 451.
1157 1006 1238 1049 452.
1289 994 1496 1038 Institoria
1511 997 1619 1039 aetio
1635 998 1759 1048 unde,
2028 1007 2113 1047 224

417 1059 596 1100 indictio
613 1056 710 1099 belli
724 1053 915 1109 utrinque
931 1052 1049 1096 fasta.
1156 1066 1238 1105 453
1288 1051 1555 1096 Instrumenta
1583 1052 1686 1095 turis
1717 1048 1885 1108 pignori
1901 1048 1993 1104 capi
2006 1050 2111 1093 veti-

420 1113 598 1157 Indistio
624 1110 805 1166 specialis
831 1123 912 1152 nou
939 1107 1162 1163 requiritur
1177 1135 1189 1155 ‚
1215 1108 1242 1149 fi
1345 1118 1402 1149 ta.
2023 1120 2044 1158 ς
2051 1113 2075 1160 3
2080 1121 2105 1159 3

468 1168 567 1210 socii
586 1182 654 1222 per
669 1166 707 1209 se
725 1201 736 1219 ‚
752 1167 796 1209 ἃ
813 1167 920 1221 apud
936 1163 974 1207 se
988 1165 1098 1208 bello
1111 1163 1241 1218 impe·
1289 1160 1423 1204 Insula
1436 1163 1653 1219 quomodo
1681 1161 1952 1220 distinguatur
1982 1162 2035 1204 ab
2051 1162 2112 1203 al-

467 1235 620 1266 tantur.
1155 1232 1206 1269 45
1216 1230 1239 1261 2
1342 1218 1526 1261 luvione.
2018 1230 2107 1260 200

419 1280 622 1324 Indireete
636 1277 760 1320 licent
773 1276 972 1332 quaedam,
989 1274 1241 1333 quaedireete
1287 1271 1432 1316 Insulae
1446 1275 1576 1329 cujus.
2031 1287 2048 1315 1
2059 1287 2074 1314 1
2086 1286 2105 1322 ς

472 1349 554 1376 non
570 1334 709 1376 licent.
1156 1343 1207 1380 42
1217 1341 1240 1386 ς
1287 1328 1635 1384 Interpretationis
1649 1328 1801 1372 fontes.
2020 1340 2105 1383 275

416 1389 595 1434 Induciae
609 1389 733 1443 quidt
774 1390 820 1431 &
846 1387 953 1430 unde
978 1385 1108 1430 dietae.
1143 1398 1238 1439 593.
1289 1384 1763 1442 Interpretandi-regulae.
2024 1389 2108 1436 278

469 1447 634 1499 quando
649 1444 844 1498 incipiant
871 1442 1073 1498 obligare,
1159 1455 1240 1493 594
1288 1440 1480 1485 Inundati
1515 1441 1607 1500 agri
1635 1441 1749 1496 cujus
1771 1439 1867 1494 jure
1890 1439 2101 1484 Romano.

415 1500 596 1544 Induciae
622 1501 671 1544 ad
687 1512 849 1543 certum
862 1499 986 1543 finem
1004 1522 1019 1551 3
1036 1499 1082 1542 &
1095 1510 1238 1540 earum
2029 1499 2106 1544 198

467 1556 649 1599 effeetus.
1158 1568 1176 1602 5
1183 1567 1207 1601 9
1217 1569 1233 1603 ς
1289 1552 1573 1596 Inundationis
1589 1554 1677 1596 duae
1687 1550 1845 1606 species.
2027 1564 2043 1591 1
2051 1556 2106 1599 98

419 1611 598 1654 Induciae
613 1614 636 1652 a
651 1610 825 1653 ducibus
835 1610 995 1655 dantur.
1148 1613 1235 1652 σοι
1288 1609 1564 1651 Inundatione
1594 1608 1827 1651 dominium
1868 1606 2109 1648 naturaliter

415 1667 681 1711 Induciarum
710 1678 871 1720 tempus
910 1680 961 1707 an
987 1664 1124 1709 veniat
1164 1663 1235 1707 sub
1343 1678 1424 1706 non
1435 1665 1652 1707 amittitur.
2028 1673 2106 1710 199

476 1723 573 1764 belli
589 1737 638 1764 an
650 1723 758 1776 pacis
773 1720 953 1763 nomine.
1037 1733 1130 1773 592.
1157 1731 1204 1774 59
1209 1735 1232 1775 3
1289 1719 1512 1763 Inundatus
1552 1734 1649 1777 ager
1688 1717 1851 1775 quando
1889 1715 2108 1760 detestetus

421 1777 685 1821 Induciarum
700 1790 861 1831 tempus
889 1776 1107 1832 quomodo
1122 1789 1236 1818 com·
1343 1775 1551 1818 habeatur.
2008 1768 2105 1815 ibid.

471 1834 708 1886 putandum.
1159 1842 1236 1886 594
1288 1829 1474 1874 Intentio
1490 1831 1596 1873 mala
1609 1844 1680 1885 per
1690 1829 1729 1872 se
1742 1828 1793 1870 ad
1806 1826 2107 1872 restitutionem

418 1887 598 1931 Induciis
633 1887 761 1929 finitis
786 1901 895 1929 nova
916 1886 1140 1929 indiEtioue
1154 1900 1238 1929 uon
1346 1901 1429 1928 non
1445 1888 1616 1942 obligat.
2024 1888 2106 1938 389

469 1957 591 1997 opus.
609 1956 655 1991 59
662 1958 697 1995 3.
714 1956 852 1983 earum
866 1954 1051 1994 tempore
1062 1942 1161 1996 quid
1182 1942 1233 1984 li-
1290 1941 1548 1984 Interfectio.
1562 1940 1653 1983 vide
1667 1938 1851 1983 Occifio.

470 2011 575 2040 ceat.
596 2009 684 2052 594.
699 2012 748 2039 an
766 1998 998 2039 deficientes
1012 1998 1058 2039 δι
1073 1996 1239 2039 relictos
1288 1996 1461 2038 Interim
1477 2011 1550 2050 pro
1564 1995 1783 2037 interdum.
2018 2006 2097 2045 245

1291 2051 1458 2094 Invasot
1471 2050 1635 2105 imperii
1662 2047 1868 2105 ptaeceptic
1898 2047 1977 2092 suis
2003 2063 2106 2104 qua-

1342 2119 1456 2150 tenus
1471 2108 1641 2163 obliget.
1657 2121 1723 2154 91·
1756 2106 1971 2160 quomodo
1986 2102 2103 2159 poffit

1343 2162 1516 2205 interfici
1533 2163 1627 2205 belli
1631 2162 1746 2216 jure:
1783 2163 1828 2203 &
1843 2175 1891 2202 ex
1923 2162 2013 2217 lege
2028 2174 2098 2203 au-

1342 2220 1568 2261 tecedente:
1590 2221 1634 2260 &
1649 2232 1699 2258 ex
1713 2217 1935 2258 autoritate
1945 2217 2009 2270 jus
2020 2216 2103 2258 im-

1343 2274 1505 2327 perandi
1520 2272 1714 2315 habentis.
1729 2289 1752 2321 9
1762 2287 1781 2310 ι.
1799 2304 1809 2314 .
1823 2286 1894 2313 cur
1909 2284 2022 2314 extra
2033 2286 2099 2314 ca-

475 2054 652 2107 recipere
668 2053 803 2094 liceat.
1159 2062 1233 2105 595

416 2109 599 2153 Inducu's
613 2108 750 2162 elapsis
767 2140 778 2158 ,
793 2108 865 2162 qui
880 2109 959 2149 fine
972 2106 1091 2161 culpa
1119 2120 1238 2160 penes

465 2163 623 2207 hostem
639 2163 835 2218 reperitur
863 2196 876 2216 ,
911 2177 961 2204 an
992 2162 1083 2216 capi
1097 2161 1227 2226 possit.

412 2273 596 2317 Indnciis
625 2274 675 2316 ab
691 2274 815 2316 altera
842 2285 955 2329 parte
972 2272 1101 2328 ruptis
1129 2217 1234 2315 ggii:

473 2330 609 2371 &ione
621 2344 701 2371 nou
715 2343 836 2383 opus,
1157 2336 1234 2382 596
1338 2329 1402 2372 sus
1416 2341 1599 2386 exceptos
1612 2328 1784 2371 interfici
1809 2332 1834 2369 {1
1847 2327 2006 2382 privato
2019 2341 2103 2370 non

411 2385 642 2427 Inermibus
660 2385 926 2438 parcendum.⁴
1152 2398 1233 2432 520
1339 2383 1465 2440 poffit.
2043 2398 2097 2431 9²-

412 2439 552 2483 Infans
581 2441 861 2496 promittendo
885 2453 968 2483 non
1001 2438 1228 2496 obiigatur.
1288 2440 1539 2483 Inventionis
1552 2440 1694 2483 titulus
1707 2440 1847 2481 locum
1874 2452 1958 2480 non
1981 2438 2110 2480 habet-

1145 2510 1220 2537 221
1337 2497 1379 2538 in
1396 2497 1473 2549 his,
1488 2497 1666 2552 quaejam
1682 2493 1938 2550 poffidentur.
2020 2500 2101 2547 386

416 2551 590 2593 Infantis
605 2550 833 2594 dominium
848 2553 972 2595 unde.
1154 2565 1170 2593 1
1181 2558 1230 2594 28
1286 2551 1611 2595 Involuntarium
1627 2567 1676 2594 ex
1704 2550 1939 2593 voluntario
1948 2549 2099 2593 habeu-

413 2607 637 2649 Infantium
656 2606 889 2648 dominium
900 2608 1034 2663 quale.
1058 2619 1073 2647 1
1084 2613 1148 2650 28.
1159 2617 1235 2657 146
1260 2601 1264 2640 ἕ
1337 2609 1435 2650 dum
1457 2623 1530 2663 pro
1544 2607 1795 2649 voluntario.
2019 2621 2098 2655 29²·

413 2662 641 2705 Infantibus
657 2663 915 2716 parcendum.
1155 2677 1172 2710 5
1186 2677 1232 2710 19
1285 2663 1448 2706 Ioannis
1462 2664 1645 2718 Baptistae
1674 2666 1719 2705 &
1749 2659 1903 2707 Christi
1914 2659 2100 2704 doctrina

411 2718 434 2759 1
444 2718 653 2759 nfeudatio
668 2718 723 2758 est
735 2719 943 2762 alienatio.
1155 2731 1203 2769 17
1212 2733 1227 2760 1
1329 2732 1524 2773 quatenus
1537 2721 1691 2762 eadem.
1971 2731 1993 2756 2
1998 2729 2099 2769 3-24

416 2773 720 2816 Inseudationes
751 2787 971 2834 regnorum
999 2773 1126 2819 irritae
1157 2774 1234 2816 siue
1283 2774 1476 2830 Iosephus
1490 2776 1650 2818 Iudaeus
1663 2776 1704 2816 in
1719 2773 1823 2830 legis
1849 2773 2100 2828 expositione

471 2828 659 2869 consensu
677 2830 832 2882 populi.
1029 2846 1076 2880 17
1086 2845 1120 2872 1.
1142 2841 1156 2868 1
1165 2845 1231 2880 72.
1331 2832 1528 2873 Romanis
1541 2831 1755 2872 blanditur.
2010 2832 2097 2878 469

415 2883 699 2926 Infortunium
729 2887 772 2926 δε
799 2884 944 2939 injuria
976 2900 1062 2941 quo
1078 2885 1231 2928 distent.
1285 2886 1441 2939 Iosephi
1458 2887 1696 2929 Patriarchae
1708 2884 1841 2927 dolus.
2011 2898 2092 2938 433

1154 2951 1234 2992 370
1290 2943 1446 2996 losephi
1458 2943 1696 2987 Patriarchae
1710 2938 2097 2995 monopoliumz34

415 2992 642 3053 Infortunii
661 2995 704 3036 &
732 2993 887 3047 injuriae
903 2995 1123 3040 distinetio.
1155 3008 1232 3050 514
1288 2998 1352 3039 Ira
1363 2999 1475 3052 quid.
2012 3010 2094 3049 317

413 3051 669 3109 Ingrati-non
686 3063 923 3109 puniuntur.
1146 3063 1228 3103 329
1286 3054 1306 3095 1
1312 3068 1352 3094 ta
1367 3054 1406 3096 in
1424 3055 1514 3096 Deo
1528 3065 1737 3110 quatenus.
2012 3063 2099 3102 242.

417 3105 583 3166 Inimici
598 3104 825 3159 sepehendi.
859 3161 867 3166 ⁸
1151 3123 1229 3161 307
1285 3109 1564 3170 Irregularitas
1579 3126 1627 3153 ex
1640 3110 1763 3152 bello.
2010 3120 2092 3158 407

415 3161 563 3220 Injuna
577 3162 739 3214 quando
753 3162 869 3203 alteri
895 3162 935 3204 in
951 3164 1116 3217 persona
1133 3166 1231 3206 alte·
1286 3165 1397 3207 Irriti
1438 3167 1552 3209 aetus
1591 3166 1760 3221 quinam
1795 3163 1889 3219 jure
1926 3171 2094 3206 naturae.

473 3229 555 3274 rius
569 3216 673 3257 faeta
687 3215 868 3256 censeam
878 3231 908 3258 r.
1153 3226 1229 3268 58²-
2011 3231 2090 3267 149

416 3269 595 3322 Imaum,
612 3271 740 3326 culpae
755 3304 767 3327 ,
796 3274 840 3316 ὅ(
859 3272 1073 3321 infortunii
1089 3274 1230 3320 discri-
1280 3275 1390 3318 Irriti
1404 3278 1549 3319 aetus&
1561 3278 1652 3335 lege
1664 3275 1780 3319 civili
1794 3288 1877 3322 non
1891 3273 2016 3326 fiunt,
2028 3273 2094 3315 ni-

470 3338 577 3370 men-
1153 3342 1231 3387 514
1332 3332 1360 3375 fi
1374 3346 1518 3377 eorum
1531 3335 1604 3387 qui
1616 3331 1791 3379 subsunt.
2013 3342 2029 3369 1
2042 3341 2091 3378 54

1995 3383 2092 3427 ltus
