2380 3917
627 345 1519 385 PROLEGOMENA.

240 424 388 487 magis
417 419 570 467 cidem
599 416 754 479 legum
778 413 927 461 studio
952 412 1145 460 inserere
1163 413 1356 477 aggrefli
1378 413 1475 461 sunt
1502 408 1651 461 Galli:
1680 410 1933 475 quosinter

243 479 459 553 mzu‘gnum
478 481 684 528 obtinent
710 493 878 524 nomen
899 475 1104 523 Bodinus
1133 478 1182 522 δι’
1201 480 1549 525 Hortomannus
1565 513 1577 532 ,
1610 475 1684 522 ille
1707 490 1934 538 perpetuo

248 566 388 614 opere
410 585 418 598 ,
455 547 527 592 hic
549 541 700 606 sparsis
730 538 1270 603 quaestionibus,quorum
1299 543 1347 586 &
1364 540 1656 604 pronuntiata
1674 540 1721 584 &
1738 538 1938 585 rationes

251 614 362 676 saepe
380 609 513 657 nobis
543 604 799 667 inquirendi
821 604 915 650 veri
946 601 1292 667 suppeditabunt
1311 605 1566 650 materiam.
1603 602 1654 647 In
1671 615 1781 648 toto
1794 615 1938 662 opere

253 678 343 726 tria
361 673 563 720 maxime
584 668 695 714 milii
716 666 933 730 proposui
952 704 962 722 ,
990 682 1039 712 ut
1056 666 1302 712 definiendi
1317 668 1517 713 rationes
1535 663 1778 711 redderem
1797 678 1939 725 quam

250 739 458 789 'maxime
472 733 723 786 evidentes,
742 732 788 775 &
803 744 852 776 ut
873 745 968 791 quae
986 744 1112 776 erant
1125 729 1356 776 trachinia
1371 767 1381 786 ,
1401 728 1563 775 ordine
1580 741 1712 776 certo
1729 726 1808 774 dis
1828 740 1943 774 one-

256 818 354 852 rem
376 839 388 856 ‚
424 801 470 845 δε
489 813 538 844 ut
558 811 652 858 quae
667 792 827 840 eadem
843 794 957 839 inter
976 793 1018 840 se
1034 791 1178 840 videri
1199 806 1408 856 poterant
1428 807 1510 838 nec
1523 806 1649 839 erant
1666 829 1676 846 ‚
1704 805 1784 856 per
1807 789 1943 853 piene

262 865 606 928 distinguerem.
646 856 928 920 Temperav‘i
945 871 1020 902 me
1047 856 1105 902 ab
1124 857 1189 902 his
1211 873 1308 918 quae
1325 856 1506 902 alterius
1522 852 1625 902 sunt
1643 853 1941 910 trastationis,

260 946 313 978 ut
328 942 422 990 quae
442 924 614 971 docent
631 919 743 984 quid
776 936 834 967 ex
864 919 939 966 usu
973 919 1022 965 sit
1041 917 1193 966 facere
1214 936 1225 967 :
1245 920 1349 981 qnia
1366 919 1442 972 ista
1456 919 1576 965 suam
1603 916 1777 966 habent
1793 931 1944 965 artem

263 990 501 1059 specialem
518 985 913 1049 politicam,quam
929 981 1050 1028 recle
1062 983 1126 1029 ita
1144 981 1286 1029 solam
1304 981 1468 1028 traistat
1487 980 1751 1028 Aristoteles
1768 997 1818 1028 ut
1834 979 1947 1027 alie-

262 1057 314 1105 ni
332 1053 442 1102 nihil
460 1048 723 1103 admisceat,
738 1058 900 1092 contra
919 1062 1053 1107 quam
1072 1044 1183 1093 fecit
1202 1044 1408 1092 Bodinus
1430 1084 1441 1102 ,
1476 1044 1594 1107 apud
1613 1056 1750 1108 quem
1766 1043 1858 1092 haec
1871 1058 1946 1090 ars

264 1132 372 1168 cum
390 1116 499 1177 juris
515 1113 654 1160 nostri
679 1125 778 1157 arte
794 1107 1105 1156 confunditur.
1142 1106 1392 1156 Nonnullis
1408 1120 1561 1155 tamen
1572 1108 1687 1156 locis
1704 1108 1801 1169 ejus
1816 1104 1947 1169 quod

266 1181 377 1231 utile
395 1178 458 1226 est
473 1176 563 1224 feci
582 1176 880 1225 mentionem,
901 1171 977 1220 sed
997 1170 1148 1219 obiter
1166 1210 1177 1227 ,
1191 1172 1239 1217 δε
1252 1187 1299 1216 ut
1319 1169 1369 1217 id
1386 1168 1528 1234 ipsum
1546 1174 1571 1218 a
1587 1170 1688 1234 justi
1706 1168 1949 1235 quaestione

266 1244 469 1308 apertius
486 1235 825 1300 distinguerem.
861 1236 1074 1295 Iniuriam
1105 1235 1216 1281 mihi
1246 1230 1384 1281 faciet
1400 1234 1430 1281 fi
1456 1234 1557 1298 quis
1575 1249 1653 1282 me
1667 1235 1725 1281 ad
1738 1233 1854 1282 'ullas
1867 1249 1951 1281 no-

268 1307 345 1357 stri
369 1305 509 1357 saeculi
525 1300 860 1349 controversias
873 1339 883 1354 ,
918 1311 997 1346 aut
1013 1312 1137 1346 natas
1153 1313 1229 1350 aut
1243 1312 1338 1362 qua>
1351 1298 1578 1345 nasciturae
1595 1296 1830 1358 praevideri
1845 1296 1953 1361 poc·

271 1370 387 1425 sunt,
407 1365 642 1430 respexisse
659 1363 919 1411 arbitratur.
959 1360 1082 1410 vere
1099 1361 1220 1408 enim
1238 1360 1466 1425 profiteor
1482 1400 1494 1418 ,
1514 1360 1622 1408 ficut
1636 1361 1953 1412 mathematici

276 1434 307 1482 fi
373 1448 444 1480 ras
461 1436 488 1478 a
513 1426 787 1491 corporibus
803 1426 999 1473 semotas
1009 1422 1296 1472 considerant
1312 1461 1325 1481 ,
1360 1424 1424 1472 ita
1436 1438 1511 1471 me
1524 1425 1569 1471 in
1596 1424 1697 1485 jure
1711 1421 1953 1472 trastando

275 1514 303 1544 a
349 1496 474 1542 omni
495 1491 702 1557 singulari
716 1488 838 1536 facto
851 1488 1081 1536 abduxisse
1098 1489 1320 1535 animum.
1354 1487 1556 1535 Dicendi
1572 1501 1714 1552 genus
1734 1487 1866 1551 quod
1883 1502 1955 1537 at-

275 1562 390 1609 tinet
408 1595 417 1609 ‚
434 1557 560 1605 nolui
581 1554 638 1601 ad
657 1568 807 1599 rerum
827 1549 1167 1599 trastandarum
1185 1549 1526 1599 multitudinem
1541 1550 1840 1616 adjungendo
1854 1567 1955 1600 ver-

277 1622 450 1675 borum
464 1619 644 1683 copiam
664 1614 890 1662 fastidium
910 1628 1067 1677 parere
1082 1613 1244 1662 lestori
1263 1655 1274 1675 ,
1309 1614 1437 1674 cujus
1465 1603 1732 1662 utilitatibus
1748 1615 1956 1665 consule-

278 1686 407 1734 bam.
439 1683 596 1745 Itaque
615 1679 786 1728 secutus
806 1677 903 1725 sum
918 1691 1135 1740 quantum
1159 1677 1291 1741 potui
1317 1676 1549 1725 concisum
1571 1680 1620 1725 &
1636 1677 1825 1726 docenti
1842 1695 1957 1727 con-

280 1750 468 1797 veniens
490 1743 708 1806 loquendi
729 1758 895 1809 genus:
929 1756 980 1787 ut
999 1755 1215 1803 tanquam
1232 1742 1277 1787 in
1294 1756 1389 1787 uno
1407 1739 1645 1805 conspeffu
1662 1742 1862 1796 habeant
1877 1743 1957 1807 qui

282 1811 473 1877 negotia
489 1807 669 1873 publica
695 1804 885 1852 tractant
905 1842 917 1860 ‚
946 1805 995 1849 δε
1027 1820 1120 1867 quae
1138 1803 1341 1851 incidere
1360 1802 1506 1850 solent
1537 1805 1959 1858 controversiarum

282 1888 452 1942 genera
470 1911 481 1929 ‚
513 1873 562 1918 δε
577 1870 792 1980 principia
805 1868 925 1914 unde
941 1865 1180 1926 dijudicari
1198 1867 1375 1931 possunt
1389 1882 1400 1915 :
1429 1868 1592 1930 quibus
1608 1870 1808 1934 cognitis
1821 1867 1960 1918 facile

285 1939 374 1986 erit
389 1936 446 1984 ad
465 1950 562 1983 rem
580 1933 703 1993 subje
739 1947 823 1978 ⁴am
851 1929 1210 1978 accommodare
1236 1931 1495 1978 orationem
1520 1933 1569 1979 δε
1585 1947 1805 1995 quantum
1832 1932 1961 1982 lubet

288 1998 556 2050 extendere.
591 1995 880 2059 Scriptorum
896 2009 1104 2040 veterum
1122 1992 1209 2058 ipsa
1228 1993 1368 2042 verba
1384 1994 1556 2041 adduxi
1582 1995 1813 2042 interdum
1833 2034 1845 2054 ‚
1881 1995 1960 2044 ubi

286 2065 394 2113 talia
404 2076 530 2110 erant
543 2074 593 2107 ut
607 2073 682 2106 aut
697 2074 804 2104 cum
832 2057 964 2104 audio
972 2058 1102 2103 ritate
1124 2096 1134 2113 ,
1153 2071 1230 2104 aut
1249 2072 1354 2104 cum
1370 2057 1602 2106 venustate
1617 2058 1824 2122 singulari
1840 2057 1962 2107 dicta

289 2126 580 2176 viderentur:
608 2121 735 2187 quod
758 2121 867 2167 &in
893 2122 1062 2171 Graecis
1081 2118 1168 2167 feci
1183 2136 1506 2183 nonnunquam
1525 2160 1537 2178 ,
1571 2120 1647 2168 sed
1665 2110 1866 2169 maxime
1883 2122 1963 2170 ubi

289 2205 365 2238 aut
383 2188 537 2237 brevis
555 2200 651 2233 erat
665 2184 879 2232 sententia
899 2221 909 2239 ,
946 2197 1024 2231 aut
1040 2185 1165 2243 cujus
1187 2183 1379 2248 gratiam
1408 2182 1585 2248 sperare
1611 2200 1704 2232 non
1732 2183 1962 2233 audebam

289 2253 461 2303 Latino
490 2249 697 2297 sermone
714 2264 789 2294 me
806 2246 928 2309 poffe
945 2246 1139 2308 assequi:
1174 2262 1311 2309 quem
1330 2260 1487 2294 tamen
1517 2247 1686 2310 ubique
1714 2248 1904 2306 adjunxi
1918 2250 1975 2296 in·

293 2332 458 2364 eorum
474 2311 779 2360 commodum
799 2313 873 2374 qui
902 2311 1059 2357 Graeca
1090 2325 1180 2355 non
1201 2308 1471 2359 didicerunt.
1509 2313 1663 2376 Qam
1681 2326 1794 2357 vero
1811 2326 1902 2376 ego
1917 2313 1964 2358 in

294 2380 489 2428 aliorum
509 2376 735 2424 sententiis
767 2390 817 2420 ac
854 2373 1026 2436 scriptis
1044 2371 1346 2434 dijudicandis
1373 2372 1486 2419 mihi
1518 2372 1647 2420 sumfi
1683 2372 1963 2431 libertatem,

296 2442 491 2490 eandem
519 2439 599 2487 fibi
612 2440 658 2485 in
676 2453 752 2484 me
770 2437 947 2483 sumant
965 2476 975 2492 ‚
1011 2452 1171 2481 omnes
1187 2452 1268 2481 eos
1286 2450 1374 2481 oro
1387 2450 1524 2498 atque
1542 2434 1749 2484 obtestor
1764 2449 1965 2500 quorum

297 2508 342 2554 in
359 2520 516 2552 manus
543 2500 623 2549 ista
641 2502 834 2548 venient.
866 2499 984 2547 Non
1001 2499 1063 2544 illi
1096 2500 1322 2561 promtius
1339 2514 1414 2544 me
1438 2497 1692 2545 monebunt
1719 2513 1966 2556 errantem,

332 2584 433 2615 uam
455 2582 545 2629 ego
563 2579 803 2610 monentes
820 2562 993 2624 sequar.
1029 2562 1086 2608 Et
1101 2563 1194 2621 jam
1209 2577 1324 2608 nunc
1335 2561 1455 2608 adeo
1474 2599 1484 2617 ,
1514 2560 1544 2608 fi
1562 2560 1671 2624 quid
1687 2561 1762 2609 hic
1789 2563 1965 2622 pietati,

298 2585 329 2679 si
349 2629 454 2693 quid
473 2629 604 2676 bonis
621 2627 843 2683 moribus,
862 2628 891 2672 s1
912 2622 1021 2688 quid
1036 2623 1168 2670 sacris
1183 2624 1340 2679 litetiS,
1360 2623 1390 2670 si
1407 2623 1514 2686 quid
1534 2623 1735 2671 Ecclefiae
1748 2622 1969 2673 Christia-

300 2711 362 2741 na:
376 2689 645 2803 εἳῑὲξεῃῑυὶά
661 2689 690 2736 s1
708 2689 817 2754 quid
835 2689 913 2738 ulli
926 2686 1104 2737 veritati
1123 2686 1450 2735 diss'entaneum
1466 2690 1493 2735 a
1510 2702 1585 2734 me
1600 2686 1773 2735 diaum
1790 2686 1852 2736 est
1871 2724 1883 2745 ,
1917 2685 1968 2734 id
1990 2676 1993 2678 v

295 2771 379 2806 nec
397 2776 408 2803 ι
430 2774 442 2802 ι
490 2770 567 2802 um
583 2767 608 2798 e
648 2767 691 2799 o.

1818 3431 1978 3482 Anno-
