2380 3917
321 300 393 335 :2⁶
706 288 1557 337 nervnssnnttx

318 361 484 408 fastam
511 356 566 404 de
600 374 649 405 re
668 359 819 405 danda
846 358 974 404 alteri
1005 397 1015 407 ,
1051 359 1100 404 δε
1116 359 1233 403 inter
1244 357 1590 419 promissionem
1606 358 1652 405 in
1668 363 1796 423 ipsius
1813 376 1987 412 nomen

323 425 551 477 collatam,
568 424 637 468 cui
655 438 723 468 res
738 421 886 468 danda
900 420 978 466 est.
993 418 1040 467 Si
1059 422 1172 467 mihi
1192 419 1312 466 facta
1323 420 1386 467 est
1402 420 1660 482 promissio,
1672 421 1832 469 omissa
1847 425 1994 485 inspe-

89 490 202 521 (mr.
215 495 243 517 0·
324 487 470 533 &ione
501 500 552 530 an
572 498 669 531 mea
688 486 898 547 privatim
916 483 1086 530 intersit
1100 520 1111 539 ,
1162 499 1267 529 uam
1299 481 1559 529 introduxit
1600 485 1664 531 'us
1697 483 1959 530 Romanuin
1975 521 1990 541 ,

92 538 307 620 {⁸¹⁸3mff'122
324 547 578 594 naturaliter
598 548 777 594 videtur
793 547 904 593 mihi
919 560 1132 606 accept-an
1169 547 1266 604 ijus
1283 543 1382 592 dari
1397 500 1638 602 efficiendi,
1657 561 1707 592 ut
1724 546 1784 594 ad
1797 547 1993 593 alterum

134 604 142 612 ’
167 604 172 611 ’
215 603 222 611 ’
328 613 395 669 jus
414 612 641 672 perveniat
663 648 673 665 ‚
697 610 724 656 si
743 611 844 656 &is
862 622 1093 669 acceptet:
1112 610 1178 654 ita
1190 623 1238 655 ut
1257 608 1414 654 medio
1444 622 1657 672 tempore
1673 613 1699 656 ὲ
1719 608 1993 671 promissore

327 671 561 736 promissio
576 673 779 718 revocari
798 686 888 717 non
905 671 1042 733 possit
1062 691 1078 728 ;
1103 669 1178 717 sed
1209 686 1300 734 ego
1318 672 1391 717 cui
1419 668 1537 716 fasta
1553 670 1614 717 est
1631 670 1873 734 promissio
1888 686 1993 717 eam

97 736 203 771 ΛΜ·
218 731 294 775 “ff
327 734 486 799 possim
503 736 749 781 remittere.
764 733 894 780 Nam
913 735 950 780 is
963 732 1107 781 sensus
1124 734 1214 793 juri
1234 747 1396 780 naturae
1412 748 1502 778 non
1521 748 1756 797 repugnat,
1779 732 1994 781 &verbis

95 782 299 863 {ffb'f‘s‘sjrf‘
323 797 420 844 talis
469 797 740 844 romissionis
752 797 951 843 maxime
968 796 1195 860 congruit.
1219 811 1363 858 neque
1396 794 1506 842 nihil
1537 795 1833 844 incainterest
1853 796 1884 843 fi
1909 809 1994 860 per

96 877 179 910 mu.
323 875 396 906 nic
415 876 439 904 a
460 875 528 906 tcr
546 860 814 906 beneficium
833 861 1050 921 acquirat.
1071 857 1215 915 Quod
1233 858 1263 905 si
1277 857 1516 921 promissio
1531 857 1575 903 in
1593 873 1763 905 nomen
1779 860 1877 918 ejus
1894 856 1995 906 col-

323 923 409 970 lata
426 922 484 969 cst
503 925 571 969 cui
586 921 731 970 danda
751 937 820 968 res
835 921 911 985 est,
931 921 1290 984 distinguendum
1309 920 1384 978 est,
1404 937 1459 968 an
1477 921 1553 982 qui
1567 936 1785 986 acceptat,
1804 936 1880 969 aut
1896 919 1996 986 spe-‘-

322 987 434 1033 ciale
448 984 710 1032 mandatum
727 985 890 1031 habeat
916 983 1180 1046 acceptandi
1203 1022 1215 1039 ,
1236 999 1313 1031 aut
1335 985 1400 1030 ita
1415 983 1627 1045 gencrale
1647 1023 1658 1037 ,
1678 999 1727 1032 ut
1744 984 1849 1032 talis
1862 998 1995 1030 acce-

323 1051 470 1114 ptatio
489 1053 527 1095 ei
542 1048 700 1095 inclusa
714 1046 881 1094 censeri
899 1047 1082 1094 debeat:
1097 1064 1151 1097 an
1170 1063 1283 1094 vero
1298 1062 1389 1092 non
1406 1046 1586 1093 habeat.
1604 1045 1694 1095 Vbi
1722 1046 1994 1094 mandatum

322 1114 411 1160 tale
429 1109 673 1159 antecessit.
692 1110 1053 1176 distinguendum
1069 1110 1186 1157 ultra
1199 1127 1290 1157 non
1301 1123 1414 1173 puto
1437 1146 1449 1166 ‚
1467 1108 1577 1155 sitne
1596 1109 1785 1175 persona
1800 1108 1866 1156 sui
1885 1108 1996 1168 juris

323 1191 462 1225 necne
482 1214 491 1230 ,
511 1173 637 1237 quod
669 1173 888 1221 Romanae
912 1173 1040 1237 leges
1051 1173 1212 1221 volunt
1225 1211 1236 1229 ,
1261 1172 1340 1218 scd
1357 1172 1487 1234 plane
1501 1186 1559 1218 ex
1576 1172 1654 1220 tali
1680 1172 1996 1235 acceptatione

321 1238 666 1303 promissionem
682 1237 832 1300 perfici
849 1253 860 1283 :
879 1238 980 1299 quia
993 1234 1227 1283 consensus
1243 1234 1391 1299 potest
1417 1235 1467 1281 &
1549 1250 1570 1281 r
1587 1234 1837 1283 ministrum
1853 1234 1997 1281 inter-

323 1306 432 1367 poni
449 1318 498 1348 ac
518 1301 758 1355 significari.
787 1299 918 1347 Velle
930 1300 1052 1346 enini
1064 1297 1247 1345 censeor
1261 1296 1388 1361 quod
1404 1299 1450 1344 in
1466 1314 1491 1345 a
1510 1299 1647 1345 terius
1663 1298 1896 1345 voluntate
1907 1311 1997 1358 po-

324 1368 404 1418 sui,
426 1366 454 1412 si
471 1350 603 1411 &isse
623 1363 746 1409 velit.
764 1362 1021 1410 Deficiente
1038 1375 1189 1408 autem
1206 1360 1430 1408 mandato
1447 1398 1460 1417 ,
1481 1359 1513 1408 si
1531 1360 1643 1408 alius
1661 1361 1732 1408 cui
1755 1357 1995 1421 promissio

325 1429 444 1477 facta
475 1443 563 1473 non
579 1426 640 1473 est
655 1439 859 1488 acceptet
877 1421 1062 1473 volente
1084 1422 1353 1487 promissore
1372 1462 1384 1480 ‚
1402 1437 1510 1471 tunc
1541 1425 1580 1471 is
1608 1425 1695 1470 erit
1718 1422 1899 1471 effectus
1913 1460 1926 1478 ,
1943 1431 1997 1467 nt

322 1489 578 1556 promissori
608 1503 826 1536 revocare
858 1486 1205 1550 promissionem
1236 1502 1326 1533 non
1353 1487 1486 1533 liceat
1503 1524 1515 1543 ,
1549 1500 1790 1549 antequam
1805 1487 1843 1533 is
1859 1498 1997 1548 quem

325 1552 491 1615 spefmt
512 1551 750 1616 promissio
766 1567 866 1598 earn
885 1564 1031 1596 ratam
1046 1546 1253 1596 habuerit
1270 1563 1346 1595 aut
1360 1550 1553 1596 irritam:
1572 1547 1627 1596 sic
1643 1563 1815 1605 tamen,
1837 1562 1885 1594 ut
1902 1561 1998 1593 me-

328 1620 410 1666 dio
428 1617 506 1662 illo
523 1629 730 1677 tempore
750 1614 785 1659 is
801 1615 876 1676 qui
894 1612 1146 1676 acceptavit
1165 1650 1177 1667 ,
1198 1613 1433 1658 remittere
1447 1610 1712 1675 promissum
1731 1625 1823 1658 non
1837 1608 1995 1674 possit,

365 1682 434 1726 uia
464 1679 533 1724 hic
564 1691 655 1722 non
684 1675 912 1722 adhibitus
941 1674 1003 1721 est
1019 1673 1163 1733 adjus
1180 1673 1365 1736 aliquod
1376 1676 1467 1720 acci
1504 1672 1685 1720 iendum
1711 1712 1723 1732 ‚
1742 1674 1819 1721 sed
1836 1672 1895 1720 ad
1913 1671 1999 1719 ad*

329 1698 633 1803 attingendam
649 1737 929 1803 promissoris
944 1736 1083 1783 fidem
1101 1737 1146 1781 in
1178 1734 1458 1782 sustentando
1473 1690 1723 1786 beneficio:
1743 1739 1805 1784 ita
1819 1750 1868 1783 ut
1884 1749 1997 1799 pro-

334 1805 487 1853 missor
503 1801 593 1866 ipse
614 1801 644 1848 si
660 1815 846 1849 revocet
861 1799 998 1848 faciat
1012 1813 1174 1846 contra
1207 1796 1344 1845 fidem
1362 1836 1374 1856 ‚
1394 1813 1487 1845 non
1503 1813 1660 1847 contra
1672 1800 1743 1860 jus
1758 1799 1998 1863 proprium

330 1869 533 1921 alicuius-

397 1930 447 1977 Χ
466 1931 483 1976 1
499 1928 559 1975 X.
600 1929 669 1975 Ex
688 1922 992 1990 superioribus
1024 1924 1211 1995 intelligi
1225 1926 1362 1972 etiam
1413 1923 1527 1972 otest
1546 1961 1557 1980 ,
1588 1930 1698 1987 quid
1719 1923 2000 1972 sentiendum

333 1994 385 2042 fit
404 1992 461 2038 de
479 2006 616 2039 onere
633 1990 814 2049 adjecto
833 1986 1131 2050 promissioni.
1164 1987 1212 2034 id
1228 1990 1347 2034 enim
1396 1989 1640 2050 eripoterit
1659 1988 1874 2049 quamdiu
1888 2002 2002 2052 pro-

331 2055 483 2102 missio
502 2055 732 2117 compieta
751 2050 953 2099 nondum
971 2049 1031 2096 est
1048 2065 1127 2112 per
1142 2052 1519 2114 acceptationem,
1538 2065 1617 2096 nec
1634 2050 1722 2096 fide
1739 2049 2002 2115 interposita

97 2131 138 2170 ι.
163 2126 312 2171 Μῶα.
334 2117 449 2165 facta
463 2115 784 2164 irrevocabilis.
801 2114 934 2162 Onus
954 2128 1107 2160 autem
1125 2115 1166 2159 in
1186 2112 1489 2159 commodum
1510 2114 1633 2159 tertii
1650 2112 1702 2158 ad
1709 2113 1874 2173 jectum
1888 2127 2002 2175 pro-

97 2178 296 2212 ‘·‘²“⁴‘⁰'¹‘²‘·
332 2181 529 2229 missioni
561 2178 767 2227 revocari
800 2177 971 2237 poterit
990 2214 1000 2231 ,
1017 2175 1233 2236 quamdiu
1261 2180 1289 2222 a
1306 2176 1443 2222 tertio
1460 2190 1742 2240 acceptatum
1760 2191 1851 2222 non
1882 2177 1969 2223 erit
1985 2188 2003 2222 :

99 2223 229 2303 Z‘Jf‘sw
245 2236 309 2257 '⁷¹⁰'
335 2258 592 2307 quanquam
624 2257 715 2288 non
733 2239 888 2286 desunt
904 2253 996 2284 tam
1026 2239 1069 2284 in
1090 2241 1172 2285 hac
1191 2253 1327 2299 quam
1347 2239 1389 2283 in
1414 2237 1507 2284 aliis
1522 2237 1829 2300 quaestionibus
1844 2240 1920 2300 qui
1939 2235 2004 2283 se-

99 2317 211 2350 ems.
224 2319 255 2349 m
271 2317 294 2349 l.
335 2324 412 2354 cus
431 2306 634 2353 sentiant.
653 2302 746 2350 Sed
763 2300 880 2348 reste
898 2315 994 2347 rem
1010 2299 1256 2363 inspicienti
1272 2298 1403 2348 facile
1422 2301 1566 2349 elucet
1578 2301 1788 2349 naturalis
1802 2302 2004 2364 aequitas.

104 2364 302 2407 Q‘¹¹'⁰’'¹⁶·
339 2387 385 2417 ut
402 2369 552 2415 multis
565 2366 912 2429 probationibus
932 2379 1022 2409 non
1035 2377 1180 2427 egeat.

102 2414 294 2490 {22‘222'5‘
404 2433 452 2479 X
470 2431 531 2478 Χ.
569 2430 697 2477 Solet
714 2429 761 2474 δε
778 2426 886 2473 illud
905 2425 1118 2488 disputari
1136 2464 1147 2482 ,
1165 2425 1406 2488 quomodo
1419 2426 1730 2475 convalescere
1740 2425 1878 2490 possit
1890 2441 2003 2490 pro-

105 2515 176 2535 rum
190 2505 281 2550 σύες.
335 2494 484 2542 missio
503 2495 571 2540 cui
588 2506 717 2538 error
735 2489 908 2537 causam
923 2487 1104 2542 dedit‚si
1122 2503 1172 2533 re
1186 2491 1371 2553 cognita
1388 2490 1627 2560 promissor
1643 2490 1752 2538 stare
1766 2490 1877 2537 velit
1892 2503 2004 2552 pro-

106 2553 248 2584 N‘st'm·
268 2566 295 2584 ⁶·
338 2558 482 2604 misso.
518 2557 665 2618 Atque
681 2552 805 2599 idem
825 2552 957 2614 quaeri
973 2549 1119 2614 potest
1135 2549 1194 2597 de
1206 2552 1572 2616 pr‘omisiionibus
1588 2553 1748 2617 quibus
1764 2554 1839 2601 lex
1857 2551 2005 2600 civilis

107 2605 227 2682 ἓξ,
235 2604 314 2680 1]ss
338 2620 710 2684 impedimentum
729 2616 872 2673 injicit
886 2629 942 2660 ex
961 2628 1082 2660 metu
1095 2628 1170 2660 aut
1189 2614 1318 2662 causa
1328 2615 1412 2663 alia
1427 2653 1439 2672 ‚
1459 2615 1488 2663 fi
1506 2616 1582 2663 ista
1598 2616 1725 2664 causa
1739 2615 1894 2679 postea
1908 2613 2006 2661 ces-

111 2701 127 2725 i
139 2704 151 2727 ι
163 2703 193 2729 i.
340 2683 516 2730 faverit.
548 2680 679 2728 Nam
711 2677 769 2723 ad
802 2677 892 2722 haec
923 2676 1143 2722 firmanda
1156 2677 1337 2738 quidam
1363 2677 1508 2726 solum
1522 2677 1668 2727 afrum
1689 2681 1914 2726 internum
1930 2692 2004 2725 re-

341 2747 519 2807 quirnnt
540 2783 549 2799 ,
571 2758 705 2803 quem
722 2737 1009 2798 conjunctum
1022 2753 1127 2784 cum
1146 2741 1299 2800 priore
1312 2741 1410 2787 actu
1422 2756 1612 2788 externo
1631 2741 1830 2789 sufficere
1845 2753 2005 2805 putant

107 2814 264 2867 sinam.
282 2822 319 2849 ιι
341 2810 395 2853 ad
415 2806 672 2870 pariendum
700 2802 1048 2865 obligationem.
1083 2801 1169 2848 Alii
1190 2840 1200 2856 ,
1220 2803 1377 2871 quibus
1392 2803 1438 2850 id
1456 2803 1658 2867 displicet
1675 2843 1687 2861 ,
1707 2803 1816 2851 ideo
1835 2804 1942 2865 quia
1957 2817 2004 2849 a·

110 2862 321 2939 meffjffm·
341 2870 435 2917 <stus
451 2883 659 2915 externus
686 2882 776 2911 non
806 2863 950 2926 potest
978 2864 1148 2926 signum
1177 2866 1262 2910 esse
1278 2864 1397 2913 aestus
1412 2867 1571 2913 interni
1583 2866 1801 2930 sequentis
1816 2905 1828 2923 ‚
1852 2865 2005 2928 requi-

134 2909 319 2951 ”Ρ””””“8’
341 2949 441 2979 runt
458 2947 622 2977 novam
641 2927 788 2974 verbis
816 2925 991 2978 fastam,
1009 2925 1352 2989 promissionem
1369 2930 1416 2974 &
1434 2932 1807 2992 acceptationem.
1833 2927 2006 2976 -Verior

337 2996 397 3041 est
416 2994 566 3041 media
582 2991 812 3045 sententia,
831 2989 978 3034 actum
996 2988 1181 3050 quidem
1198 3004 1432 3038 externum
1449 2993 1626 3054 requiri,
1643 2992 1717 3039 sed
1734 3008 1827 3038 non
1848 2992 2008 3051 utique

338 3059 488 3103 verbis
503 3055 670 3101 fast-im
687 3092 697 3108 ‚
714 3068 818 3098 cuni
838 3053 1033 3097 retentio
1048 3052 1110 3096 rei
1130 3053 1347 3112 promissae
1364 3070 1421 3100 ex
1437 3069 1568 3115 parte
1593 3059 1687 3108 cius
1700 3056 1773 3101 cui
1790 3049 2005 3118 promissa

337 3120 413 3169 est,
430 3122 477 3163 &
496 3117 668 3165 relictio
683 3117 777 3168 eius
794 3129 851 3159 ex
866 3129 993 3174 parte
1006 3115 1332 3180 promittentis,
1351 3129 1427 3163 aut
1439 3115 1579 3163 limile
1594 3117 1783 3181 aliquid,
1801 3114 2005 3164 sufficere

335 3181 496 3245 possint
514 3181 570 3226 ad
590 3177 922 3240 significandum
939 3176 1213 3221 consensum.

113 3256 197 3286 sm
224 3256 232 3279 κ
253 3262 287 3288 τι
399 3245 445 3290 Χ
465 3244 511 3289 Χ
532 3245 564 3290 1.
583 3242 689 3288 Hoc
708 3254 892 3301 quoque
911 3237 1217 3284 omittendum
1234 3252 1321 3284 non
1338 3238 1401 3285 est
1423 3277 1435 3295 ‚
1455 3256 1512 3286 ne
1529 3240 1627 3299 J‘ura
1640 3240 1789 3288 civilia
1803 3255 1907 3288 cum
1926 3253 2005 3284 na·

106 3301 306 3390 {ffssssa
334 3307 463 3352 rurali
482 3308 578 3366 jure
595 3301 941 3355 confundantur,
959 3313 1105 3362 neque
1115 3301 1432 3363 promissiones
1448 3319 1542 3367 quae
1555 3301 1736 3351 causam
1752 3299 2005 3368 expressam

177 3372 182 3379 '
239 3373 245 3380 '
276 3374 280 3380 '
312 3370 320 3380 '
1911 3376 2007 3409 non
