2380 3917
352 362 422 401 492
739 348 1586 387 ntxvnennttt

351 418 628 473 interfeetos,
648 419 755 478 quia
771 418 816 463 in
833 414 1095 463 servitutem
1110 415 1258 479 redigi
1267 431 1359 462 non
1406 429 1613 464 oterant:
1630 416 1762 479 quod
1782 416 1833 465 &
1849 416 2028 468 Plutar-

352 483 462 530 chus
477 482 654 528 notavit
673 482 765 526 vita
781 478 991 527 Othonis
1012 494 1024 527 :
1047 479 1098 524 &
1114 481 1140 508 *
1159 477 1352 525 Tacitus
1411 474 1663 526 'storiarum
1678 477 1891 529 secundo.
1925 481 2030 530 Cae-

354 557 504 592 terum
522 542 733 607 populine
761 559 816 588 an
848 541 1129 605 fingulorum
1146 541 1257 587 fiant
1283 541 1362 602 qui
1380 542 1620 605 capiuntur
1645 580 1658 599 ‚
1693 559 1751 590 ex
1774 544 1843 591 his
1857 561 1951 607 quae
1968 544 2030 592 de

356 607 504 671 praeda
520 605 717 652 diximus
733 604 1040 650 definiendum
1059 603 1132 650 est.
1167 619 1271 649 nam
1289 604 1498 651 homines
1513 603 1595 652 hac
1612 605 1657 653 in
1673 622 1725 652 re
1743 608 1812 668 jus
1824 610 2027 670 gentium

358 670 490 718 rebus
504 669 711 730 aequavit.
732 666 876 728 Cajus
891 665 1228 713 Iurisconsultus
1242 665 1362 713 libro
1383 683 1404 714 1
1415 682 1437 713 1
1456 682 1610 714 rerum
1626 669 1997 730 quotidianarum
2016 686 2030 718 :

127 751 163 785 L.
173 746 315 783 aarum&
362 744 459 779 Item
472 753 547 796 qm
566 751 609 775 cx
624 734 784 788 hostibus
800 737 1005 791 capiuntur
1011 735 1102 789 jure
1117 736 1291 791 gentium
1297 733 1438 788 statim
1453 737 1686 792 capientium
1697 734 1820 791 fiunt,
1831 737 1929 781 adeo
1941 739 2030 798 qui-

128 799 171 831 0*
186 799 200 830 l
213 797 287 828 '‘st‘'
304 809 312 828 ²
361 801 444 842 dem
457 811 499 840 ut
519 791 568 846 ὅ
580 796 689 838 liberi
704 798 874 839 homines
889 797 930 836 in
941 795 1184 851 servitutem
1193 795 1452 838 deducantur.

125 844 318 923 figdc‘i‘ossq'
425 858 464 906 V
484 857 517 906 Ι.
557 854 701 917 Qod
716 869 866 901 tamen
878 852 1117 918 Theologi
1146 854 1346 900 nonnulli
1366 854 1557 902 sentiunt
1574 894 1586 911 ‚
1623 857 1700 919 qui
1714 855 1836 905 bello
1864 855 2030 918 injusto

286 914 296 924 ’
359 923 478 985 capti
499 919 594 966 sunt
607 955 617 971 ,
640 932 716 964 aut
731 933 787 963 ex
798 917 943 978 captis
957 918 1050 963 nati
1070 954 1080 972 ,
1101 917 1154 963 iis
1170 915 1237 963 fas
1255 932 1346 963 non
1359 916 1445 964 effe
1465 917 1628 983 fugere
1645 918 1720 966 nifi
1734 920 1793 967 ad
1810 920 1912 968 suos
1935 939 1949 975 3
1983 922 2031 966 in

126 993 340 1041 Leff1.1,e.5‚
359 1001 416 1031 eo
434 999 513 1030 eos
530 980 628 1027 falli
640 996 730 1027 non
743 979 923 1028 dubito.
964 978 1020 1026 Id
1036 978 1224 1041 quidem
1243 980 1438 1037 interest,
1459 983 1590 1044 quod
1607 981 1639 1028 fi
1655 981 1714 1028 ad
1732 982 1834 1031 suos
1852 982 2032 1046 fugiant

128 1039 205 1075 ‘M-
221 1049 254 1086 5·
357 1047 477 1093 bello
493 1058 701 1090 manente
718 1041 978 1089 libertatem
1012 1041 1349 1105 consequuntur
1376 1058 1435 1090 ex
1460 1044 1721 1107 postliminii
1751 1047 1848 1104 jure
1867 1064 1878 1094 :
1907 1045 1936 1092 fi
1969 1043 2032 1092 ad

357 1111 470 1158 alios
484 1121 558 1155 aut
569 1108 708 1153 etiam
722 1120 832 1169 pace
844 1103 962 1151 faeta
979 1103 1039 1163 ad
1056 1104 1177 1154 suos,
1197 1105 1443 1153 vindicanti
1460 1106 1658 1155 domino
1675 1109 1896 1156 reddendi
1915 1107 2028 1155 sunt.

358 1172 449 1221 Sed
484 1186 576 1217 non
607 1169 717 1216 ideo
745 1168 945 1230 sequitur
973 1167 1128 1214 animo
1163 1184 1346 1231 quoque
1363 1170 1487 1229 injici
1512 1172 1742 1235 religionis
1773 1173 2030 1220 vinculum:

356 1253 459 1284 cum
476 1233 618 1279 multa
635 1233 715 1279 {int
739 1234 837 1292 jura
851 1247 948 1293 quae
969 1244 1144 1277 tantum
1163 1233 1363 1278 exterius
1379 1232 1600 1291 judicium
1621 1233 1814 1297 spestant
1834 1273 1846 1292 ,
1877 1232 2031 1297 qualia

356 1300 453 1347 sunt
474 1298 562 1343 haec
580 1296 684 1343 belli
702 1298 801 1356 jura
815 1310 911 1357 quae
926 1309 1041 1340 nunc
1057 1295 1352 1356 exponimus.
1385 1293 1493 1342 Nec
1509 1296 1570 1343 est
1586 1297 1714 1359 quod
1733 1298 1926 1359 objiciat
1948 1297 2031 1343 ali-

387 1363 455 1409 uis
471 1376 529 1405 ex
540 1359 733 1406 dominii
750 1371 914 1405 natura
929 1358 1069 1404 talem
1087 1358 1132 1402 in
1151 1358 1307 1403 animo
1327 1357 1661 1421 obligationem
1682 1359 2031 1424 sequi‚Respon-

353 1379 479 1472 gebo
497 1424 632 1478 enim,
656 1438 757 1469 cum
771 1419 918 1468 multae
928 1420 1010 1467 fint
1022 1419 1217 1466 dominii
1236 1418 1417 1482 species,
1439 1420 1563 1485 posse
1581 1424 1630 1468 δι’
1647 1422 1908 1470 dominium
1929 1422 2031 1469 dari

355 1486 486 1550 quod
515 1501 686 1533 tantum
716 1486 760 1529 in
775 1483 946 1545 judicio
976 1483 1176 1530 humano
1202 1481 1451 1545 &quidem
1469 1484 1683 1533 coaCtivo
1700 1486 1867 1532 valeat.
1900 1483 2031 1549 quod

355 1553 404 1597 δέ
422 1553 466 1597 in
480 1549 575 1596 aliis
589 1550 698 1610 juris
715 1548 953 1608 generibus
971 1547 1188 1592 occurrit.
1224 1545 1342 1592 Tale
1362 1550 1484 1593 enim
1502 1547 1784 1610 aliquatenus
1797 1550 1846 1595 δε
1876 1551 1945 1610 jus
1966 1547 2031 1594 est

356 1613 621 1661 testamenta
652 1611 769 1658 nulla
788 1608 970 1656 dicendi
1000 1610 1067 1657 ob
1100 1607 1349 1670 deliquium
1382 1608 1658 1659 solennitatis
1691 1613 1876 1670 alicujus
1893 1626 2027 1675 quam

130 1702 205 1736 5020
218 1700 341 1747 dem„
354 1679 452 1737 jura
471 1675 615 1722 civilia
633 1672 929 1737 praescribant.
969 1671 1266 1720 Probabilior
1291 1673 1413 1719 enim
1427 1672 1645 1721 sententia
1663 1674 1726 1721 est
1742 1676 1883 1722 etiam
1900 1671 2033 1737 quod

133 1750 339 1792 &janam
358 1740 434 1786 tali
455 1738 721 1785 testamento
742 1735 945 1783 relictum
957 1735 1019 1782 est
1037 1736 1218 1782 retineri
1236 1734 1360 1781 salva
1378 1736 1855 1798 pietatepoffe,saltem
1869 1753 2029 1800 quam-

129 1809 173 1877 ‘s
191 1805 335 1876 42523·
357 1803 433 1849 diu
447 1804 486 1848 ei
513 1817 602 1848 non
616 1800 961 1848 contradicitur.
995 1797 1102 1846 Nec
1118 1798 1258 1862 longe
1274 1797 1369 1845 abit
1389 1797 1648 1846 dominium
1665 1803 1763 1861 ejus
1783 1803 1859 1863 qui
1878 1800 2032 1848 secun-

130 1844 335 1937 (Ᾰζριζῖᾗ,
353 1866 464 1913 dum
482 1865 601 1928 leges
616 1864 772 1911 civiles
787 1864 909 1910 mala
923 1862 1013 1909 fide
1031 1860 1290 1926 praescripsit
1308 1878 1321 1911 t
1353 1878 1460 1908 nam
1490 1864 1538 1907 δε
1559 1863 1676 1909 hunc
1691 1865 1844 1911 civilia
1860 1862 2032 1922 judicia

358 1944 407 1977 ut
425 1928 661 1974 dominum
677 1941 877 1973 tuentur.
910 1927 970 1974 Et
990 1927 1076 1972 hac
1094 1923 1376 1970 distinctione
1402 1923 1537 1972 facile
1569 1925 1758 1974 solvitur
1788 1925 1938 1972 nodus
1953 1924 2031 1971 ille

355 2008 489 2055 quem
508 1990 765 2037 Aristoteles
781 1989 914 2036 nectit
933 1988 991 2035 de
1009 1987 1371 2034 cavillationibus
1393 1987 1513 2033 libro
1537 2003 1556 2033 1
1571 2004 1612 2042 1,
1630 2004 1654 2033 c
1688 2004 1714 2044 5
1735 2007 1746 2037 :
1775 1983 1858 2045 ⁰⁶⁷&
1886 1984 2032 2029 δῖκοαοι

362 2055 410 2097 ἠιξ
424 2053 627 2106 αᾶτὲἕχευ
637 2054 764 2100 ἕηκε-ον
782 2075 794 2102 3
825 2052 854 2093 οἱ
870 2052 920 2105 ds
932 2046 975 2093 εἴν
994 2069 1042 2096 τις
1064 2049 1187 2103 κῶνοι
1203 2051 1256 2104 ²¹3)
1271 2046 1385 2098 Nicea
1405 2052 1463 2094 vir
1481 2053 1618 2102 ἐσωτέ,
1634 2051 1680 2092 ἄν
1695 2046 1891 2104 ηῗψώῶἶ,
1907 2047 2035 2105 26&AE

356 2121 419 2160 ''xz-sn
434 2117 483 2160 elz
500 2114 647 2171 §ripam
676 2116 715 2157 τέ
729 2113 824 2157 ooca’w'
839 2109 920 2172 a'c‘gq.
942 2111 1087 2156 &Numen
1115 2116 1152 2170 ’‘:3
1179 2112 1204 2154 ἐ
1236 2111 1397 2155 Al'xmon.
1437 2125 1572 2160 Nonne
1584 2133 1648 2174 Jus
1661 2104 1708 2175 est
1723 2134 1765 2161 us
1776 2119 1856 2177 sua
1870 2118 2031 2177 quisque

359 2187 498 2228 habeat
517 2194 533 2226 ἒ
565 2191 625 2226 At
641 2201 716 2244 qua
732 2200 776 2226 ex
795 2185 919 2226 animi
933 2182 995 2240 sui
1027 2183 1216 2233 sententia
1234 2180 1362 2237 judex
1376 2180 1615 2234 judicaverit
1638 2213 1648 2233 ‚
1677 2197 1720 2223 ex
1735 2183 1808 2239 lege
1821 2194 1911 2223 rata
1917 2183 2030 2236 sunt.

358 2253 444 2291 Erit
461 2264 539 2304 ergo
553 2248 655 2290 idem
664 2263 726 2303 jus
759 2240 893 2292 &non
902 2240 982 2293 jus.
1019 2240 1068 2286 In
1086 2238 1236 2285 nostra
1254 2253 1368 2286 vero
1386 2238 1622 2301 quaestione
1640 2240 1759 2286 nulla
1776 2238 1906 2287 causa
1922 2238 1979 2284 fin
2015 2238 2025 2244 ⁸

357 2306 504 2369 porest
518 2322 597 2352 cur
616 2321 771 2367 gentes
801 2302 922 2351 aliud
949 2301 1245 2364 spestaverint
1259 2318 1397 2363 quam
1415 2317 1648 2348 externum
1666 2302 1795 2348 illud.
1833 2317 1937 2348 nam
1959 2254 2030 2347 fag:

357 2366 501 2416 cultas
523 2367 778 2416 vindicandi
793 2366 972 2414 servum
994 2401 1004 2416 ,
1035 2366 1084 2409 ἃ*
1100 2365 1301 2429 cogendi
1319 2403 1331 2420 ,
1366 2366 1464 2409 imo
1480 2366 1530 2410 δε
1543 2365 1834 2412 vinciendi&
1846 2380 1916 2411 res
1933 2366 2028 2425 ejus

360 2432 557 2479 habendi
580 2469 590 2483 ,
623 2429 871 2479 sufficiebat
899 2444 949 2475 ut
975 2428 1123 2490 captis
1141 2442 1354 2488 captores
1369 2427 1538 2474 vellent
1551 2443 1763 2490 parcere:
1792 2443 1868 2475 aut
1883 2427 1914 2474 fi
1932 2442 2029 2474 tarn

361 2494 445 2541 feri
463 2494 596 2542 effent
616 2510 665 2542 ut
680 2494 769 2540 istis
787 2492 1058 2540 utilitatibus
1083 2507 1172 2537 non
1192 2505 1489 2536 moverentur
1507 2529 1519 2547 ‚
1547 2505 1669 2538 certe
1685 2507 1766 2537 nec
1790 2505 2032 2537 moturum

362 2574 443 2604 cos
463 2556 611 2604 fuerat
629 2558 858 2603 vinculum
873 2553 1059 2616 aliquod
1076 2555 1236 2600 animis
1250 2551 1462 2612 injecstum
1481 2592 1493 2608 ,
1523 2553 1808 2617 quodipsum
1826 2568 1979 2600 tamen
1996 2551 2027 2599 fi

362 2622 549 2667 omnino
581 2620 658 2668 fibi
692 2618 980 2666 necessarium
996 2616 1236 2663 crederent
1254 2655 1265 2672 ,
1298 2621 1322 2647 *
1341 2630 1551 2679 poterant
1577 2618 1764 2681 exigere
1793 2615 1931 2662 fidem
1950 2628 2029 2661 aut

363 2683 685 2743 jusjurandum.
720 2681 888 2745 Neque
906 2696 1021 2727 vero
1041 2695 1216 2726 temere
1246 2681 1289 2725 in
1305 2680 1406 2744 lege
1433 2695 1527 2742 qua:
1545 2696 1635 2726 non
1651 2696 1710 2726 ex
1726 2681 1934 2742 aequitate
1949 2694 2032 2724 na-

361 2747 497 2792 turali
523 2745 597 2792 sed
616 2747 801 2805 majoris
828 2744 934 2790 mali
953 2742 1121 2790 vitandi.
1138 2741 1264 2789 causa
1281 2743 1370 2789 lara
1386 2742 1446 2790 est
1467 2780 1478 2798 ‚
1509 2758 1564 2789 ea
1582 2741 1795 2789 sumenda
1811 2741 1872 2788 est
1889 2743 2030 2788 inter-

135 2814 280 2849 L-Nrbr'l·
296 2816 344 2848 D·
365 2811 560 2869 pretatio
575 2825 665 2870 quae
684 2823 874 2868 peccato
889 2806 1142 2854 obnoxium
1160 2804 1296 2852 faciat
1312 2805 1458 2852 aetum
1474 2806 1717 2867 caeteroqui
1733 2803 2031 2852 licitumflo·

135 2862 271 2906 “emp“
361 2874 557 2920 sentinus
586 2870 952 2918 Iurisconsultus:
989 2872 1090 2914 nihil
1113 2871 1290 2926 interest,
1321 2873 1506 2932 quomodo
1533 2876 1712 2930 captivus
1739 2872 1914 2928 reversus
1944 2874 1995 2913 el?
2013 2882 2029 2915 Ξ

363 2953 495 2981 mrum
525 2939 689 2995 dimissus
715 2955 766 2979 an
795 2941 838 2979 vi
866 2939 932 2979 vel
955 2936 1121 2996 fallacia
1135 2934 1352 2990 potestatem
1380 2935 1541 2988 hostium
1568 2934 1754 2992 evaserit.
1788 2928 2028 2977 Nimirum

364 3000 464 3060 quia
483 3000 573 3044 hoc
592 3000 659 3057 jac,
675 2996 954 3059 captivitatis
968 2996 1029 3039 ita
1047 2996 1115 3053 jus
1127 2993 1189 3038 est
1210 3031 1220 3048 ,
1237 3008 1289 3039 ut
1306 2994 1398 3040 alio
1416 2993 1538 3040 sensu
1554 2993 1823 3056 plerumque
1845 2995 1894 3040 δέ
1912 2994 2029 3053 inju-

139 3072 176 3103 ι,
190 3069 334 3122 postlimj-
368 3062 428 3106 ria
446 3061 494 3106 sit
515 3099 524 3116 ‚
560 3078 652 3123 quo
674 3061 916 3106 nornine&
931 3060 957 3103 ᾗ.
976 3056 1117 3103 Paulo
1137 3055 1453 3103 Iurisconsulto
1469 3058 1727 3104 nominatur
1746 3075 1756 3104 :
1774 3059 1844 3118 jus
1871 3055 2027 3118 quoad

142 3130 228 3169 ῬΜ
250 3116 349 3196 ‘fig‘
365 3122 541 3169 effectus
559 3122 779 3185 quosdam
797 3137 807 3168 :
825 3122 985 3182 injuria
1001 3119 1098 3165 fi'id
1116 3119 1240 3180 quod
1261 3121 1322 3164 rei
1338 3119 1620 3166 intrinsecum
1633 3119 1696 3166 est
1711 3117 1912 3167 sectetur.
1931 3116 2029 3165 Vn-

140 3173 290 3244 {ZPMU
338 3189 345 3197 ‘
363 3185 418 3230 de
437 3189 483 3231 &
502 3187 590 3232 hoc
609 3201 791 3248 apparet
823 3184 956 3246 fiquis
973 3181 1100 3228 bello
1117 3181 1277 3236 iniusto
1293 3197 1448 3243 captus
1480 3185 1525 3228 in
1543 3182 1812 3246 potestatem
1831 3180 2027 3228 hostium

366 3251 536 3294 venerit
558 3285 565 3296 ,
591 3248 646 3294 ab
666 3263 722 3293 eo
745 3264 831 3292 non
848 3246 1100 3292 attaminari
1125 3243 1232 3290 furti
1249 3246 1436 3290 crim-ine
1453 3246 1649 3292 animum
1669 3245 1697 3292 fi
1716 3261 1787 3293 res
1809 3245 1905 3292 suas
1924 3241 2027 3289 sub-

364 3310 495 3356 ducat
533 3314 555 3339 ¹⁸
593 3327 668 3356 aut
689 3309 854 3354 laboris
874 3309 931 3354 sui
951 3307 1210 3354 mercedem
1234 3346 1243 3363 ,
1264 3307 1291 3351 fi
1313 3323 1446 3369 quam
1462 3306 1586 3359 supra
1605 3309 1818 3355 alimenta
1834 3305 2027 3371 praestari

364 3388 535 3434 aequum
555 3373 644 3420 est:
673 3374 820 3419 modo
846 3372 936 3434 ipse
952 3385 1102 3437 neque
1119 3368 1196 3417 suo
1215 3386 1361 3434 neque
1372 3361 1556 3436 publico
1573 3373 1758 3420 nomine
1784 3372 2027 3433 quicquam

1860 3430 2028 3480 debeat
