2475 3854
601 269 714 307 Ac
800 270 1611 316 tncxs‚1.13.111.
1851 282 1924 321 601

256 332 317 380 est
333 346 383 384 ut
399 346 478 381 aut
492 331 775 405 contrastuin
794 336 997 398 praestent
1024 354 1082 385 ex
1098 354 1191 401 quo
1202 340 1507 388 commodum
1521 343 1680 392 volunt
1696 345 1921 410 consequi,
1944 356 2015 392 Lib.
2035 365 2147 398 n.e.x

258 411 338 443 aut
351 396 411 443 de
421 396 682 444 commodo
694 396 925 447 d1scedant
942 437 952 451 ‚
972 399 1029 447 de
1048 417 1134 463 qua
1150 404 1361 465 aequitate
1375 404 1535 451 itidem
1549 409 1575 453 a
1588 407 1720 455 nobis
1735 410 1842 458 alibi
1856 410 1924 458 di-
1943 410 1977 443 Ἴ·
1992 413 2027 442 2³

256 458 380 506 stum
398 459 472 506 est.
509 459 568 507 Et
585 459 799 508 hastenus
813 478 893 509 nec
912 463 1029 512 ultra
1063 466 1199 527 recipi
1244 466 1358 513 otest
1373 506 1384 523 ,
1400 467 1525 530 quod
1544 468 1707 517 dicitur
1725 473 1878 520 valere
1894 474 1923 522 fi

256 522 369 633 puid
383 522 556 570 utiliter
568 523 739 586 gestum
757 524 833 571 est.
871 525 1051 574 Contra
1065 544 1178 575 vero
1193 483 1249 576 ab
1261 530 1471 590 injustitia
1486 533 1686 580 excusari
1713 551 1808 581 non
1821 537 1925 596 pos:-

278 598 357 631 unt
367 586 443 648 qui
459 602 564 633 cum
581 587 705 650 pasta
720 588 981 652 improbent
1001 629 1011 647 ‚
1024 605 1173 638 tamen
1190 595 1383 640 retinent
1409 594 1535 655 quod
1561 595 1649 642 sme
1675 597 1811 658 pastis
1827 616 1922 646 non

255 647 497 719 haberent:
521 648 583 697 Vt
598 666 704 697 cum
717 648 909 699 Senatus
925 651 1176 710 Romanus,
1196 671 1405 705 narrante
1424 656 1624 715 Valerio,
1644 658 1810 708 fastum
1827 661 1915 709 Cn.
1940 673 2014 709 Lib.
2031 683 2084 713 rx.
2099 674 2156 712 ιε.

253 710 459 781 Domitii
475 728 618 775 neque
632 713 830 776 probare
842 716 1009 779 potuit,
1023 731 1167 780 neque
1182 717 1433 766 rescindere
1443 719 1588 768 voluit
1605 737 1617 769 :
1642 723 1787 786 qualia
1802 725 1920 773 mul-

253 786 302 821 ta
317 790 361 819 1n
375 773 567 822 h1storiis
585 792 846 824 occurrunt.

279 899 289 907 -
318 835 412 884 IV.
445 838 561 885 Illud
574 855 666 901 quo
700 856 755 886 ue
767 856 826 887 ex
841 840 1008 903 supraa
1025 841 1158 889 nobis
1175 842 1305 891 dictis
1319 846 1613 908 repetendum
1627 847 1690 895 est
1710 887 1720 905 ‚
1742 849 1914 914 obliga·
1934 850 1976 881 L·
1995 855 2113 884 ΗΜ
2142 851 2155 887 ἑ

251 914 408 947 neum
426 904 503 964 qui
522 917 670 965 ptaepo
692 904 758 949 uit
777 941 788 959 ,
808 906 945 950 etiam
963 903 990 949 fi
1010 905 1268 967 praepofitus
1284 905 1394 954 fecit
1425 925 1585 957 contra
1603 912 1818 960 mandata
1844 930 1916 960 ar·
1932 901 1962 929 ⁵·
1982 897 2082 931 ¹²²&
2097 904 2153 941 ¹3‘

252 978 366 1010 cana
382 1002 394 1022 ,
411 965 528 1012 intra
543 965 710 1012 limites
725 981 878 1012 tamen
893 966 1077 1030 publicae
1093 966 1351 1016 functionis.
1383 969 1515 1019 Hanc
1529 976 1782 1036 aequitatem
1799 975 1918 1023 redte

251 1023 428 1075 secutus
445 1028 503 1075 est
521 1027 693 1075 Praetor
709 1028 945 1089 Romanus
971 1031 1014 1076 in
1032 1029 1250 1079 institoria
1266 1032 1463 1083 afflone:
1483 1052 1626 1099 neque
1641 1040 1761 1085 enim
1777 1055 1916 1085 omne

248 1090 380 1152 quod
395 1107 500 1138 cum
513 1090 716 1138 institore
730 1094 901 1156 geritur
915 1092 1091 1156 obligat
1108 1108 1216 1139 eum
1233 1096 1307 1156 qui
1319 1097 1560 1159 praeposuit
1577 1137 1585 1151 ‚
1602 1099 1753 1148 sedita
1771 1101 1800 1148 fi
1817 1104 1913 1162 ejus
1931 1101 1971 1134 L.
1987 1103 2130 1142 ‘uicum-

248 1154 314 1200 rei
332 1156 481 1217 gratia
497 1155 568 1201 cui
584 1155 844 1218 praepofitus
859 1154 997 1202 fuerit
1013 1155 1296 1203 contraxeram
1314 1159 1389 1205 est.
1406 1159 1465 1208 de
1483 1177 1577 1223 quo
1592 1178 1744 1211 autem
1763 1165 1909 1228 palam
1930 1159 2006 1194 9⁶¹0>
2018 1156 2051 1187 γ’
2065 1164 2124 1186 ''⁰''

280 1218 548 1279 rescriptum
566 1217 670 1276 fuit,
682 1235 737 1264 ne
753 1235 859 1265 cnm
876 1234 935 1265 eo
952 1217 1250 1265 contrahatur
1267 1257 1280 1275 ,
1306 1221 1343 1267 is
1356 1223 1575 1286 praepositi
1600 1225 1706 1273 loco
1724 1243 1814 1273 non
1830 1222 1905 1275 h'a-
1928 1198 2153 1287 3:339&

245 1232 428 1327 Eebitur
444 1282 594 1343 :quod
609 1281 638 1328 s1
657 1280 960 1345 proscriptum
977 1282 1163 1342 quidem
1180 1281 1244 1332 sit,
1262 1282 1337 1329 sed
1352 1301 1445 1332 non
1462 1301 1627 1348 pateat,
1646 1302 1825 1337 tenetur
1838 1290 1910 1353 qui
1932 1290 1947 1322 l
1951 1288 2055 1336 -sedfi
2069 1292 2150 1326 Me

243 1343 502 1408 praeposuit.
530 1345 742 1391 conditio
760 1360 941 1406 quoque
959 1343 1280 1407 praepositionis
1308 1347 1522 1397 servanda
1534 1349 1594 1395 est
1611 1367 1622 1396 :
1649 1368 1751 1397 nam
1769 1351 1797 1397 fi
1817 1352 1914 1414 quis
1932 1347 2009 1424 ‘3¹⁴⁰s’
2022 1339 2061 1416 (ἶ
2073 1344 2104 1374 ⁵·

243 1405 325 1455 sub
341 1421 464 1454 certa
480 1406 581 1472 lege
601 1408 669 1455 vel
687 1409 946 1455 interventu
964 1405 1198 1467 cujusdam
1228 1409 1424 1471 personae
1436 1413 1642 1458 contrahi
1669 1414 1816 1461 voluit
1829 1454 1840 1471 ,
1858 1431 1914 1461 ae-
1931 1391 2130 1475 ptffmzmpzf'

243 1469 505 1533 quiffimum
522 1472 608 1517 erit
623 1472 671 1517 id
687 1470 853 1524 servari
869 1471 915 1515 in
932 1485 1027 1533 quo
1052 1470 1308 1534 praepofitus
1324 1471 1400 1522 est.
1436 1472 1524 1521 Cui
1544 1475 1821 1539 consequens
1854 1476 1913 1523 est
1924 1475 2097 1529 scripum,

243 1548 295 1580 ut
305 1534 376 1580 alii
392 1548 525 1596 reges
542 1548 617 1580 aut
635 1534 790 1598 populi
808 1535 955 1596 magis
978 1569 988 1583 ‚
1005 1533 1080 1581 alii
1100 1534 1247 1582 minus
1264 1551 1322 1581 ex
1339 1535 1506 1584 ducum
1523 1536 1706 1584 suorum
1733 1554 1915 1585 contra·
1934 1523 2000 1573 ‘⁰4'
2017 1531 2084 1558 ω’

242 1596 385 1644 &ibus
398 1596 542 1642 teneri
560 1596 727 1659 poffint
747 1633 758 1646 ‚
779 1595 809 1642 fi
825 1595 930 1643 satis
946 1612 1065 1643 notae
1090 1595 1172 1642 fint
1198 1598 1398 1660 ipsorum
1415 1599 1537 1663 leges
1556 1615 1693 1661 atque
1710 1601 1916 1648 instituta⁹

242 1659 323 1707 De
335 1661 403 1706 his
421 1658 451 1705 fi
467 1674 557 1704 non
570 1659 757 1714 constat,
778 1658 1051 1722 sequendum
1069 1658 1132 1704 est
1151 1661 1278 1721 quod
1294 1661 1550 1716 conjestura
1565 1663 1718 1717 distat,
1738 1677 1788 1709 ut
1803 1679 1915 1708 con-

239 1723 407 1769 ceffum
424 1722 702 1785 intelligatur
717 1721 764 1767 id
784 1760 795 1777 ,
811 1722 900 1769 fine
917 1737 1011 1783 quo
1030 1721 1129 1769 satis
1147 1724 1401 1771 commode
1426 1740 1521 1786 quae
1534 1725 1672 1771 officii
1687 1724 1786 1771 sunt
1805 1759 1815 1774 ,
1834 1740 1915 1771 ex-

240 1784 389 1846 pediri
404 1799 492 1829 non
506 1783 699 1845 poffunt.
717 1782 930 1831 Mandati
948 1785 1057 1832 fines
1072 1785 1102 1831 fi
1122 1787 1355 1834 excesserit
1381 1789 1533 1834 minor
1547 1787 1742 1851 potestas
1761 1826 1771 1843 ,
1791 1800 1916 1833 tene-

238 1848 363 1895 bitur
378 1845 467 1910 ipssa
486 1884 497 1901 ‚
518 1846 548 1892 fi
567 1845 696 1908 quod
715 1846 926 1907 promifit
945 1847 1147 1906 pra-stare
1164 1865 1256 1894 non
1268 1849 1414 1910 potest
1429 1887 1439 1904 ,
1472 1850 1530 1895 ad
1546 1849 1911 1899 aestimationem:

237 1910 318 1958 nisi
337 1910 412 1958 lex
429 1909 578 1970 aliqua
594 1908 697 1956 satis
713 1910 900 1972 cognita
914 1908 963 1955 id
975 1925 1157 1971 quoque
1171 1910 1405 1972 impediat⁴
1421 1912 1563 1975 Qod
1580 1911 1610 1958 fi
1623 1910 1756 1958 dolus
1772 1911 1914 1959 acces—

236 1972 343 2021 serit
366 2012 379 2031 ,
393 1972 441 2019 id
453 1971 515 2018 est
532 1972 561 2018 fi
580 1987 668 2033 prae
689 1972 734 2018 se
752 1971 906 2018 tulerit
919 1973 992 2031 jus
1007 1974 1154 2030 majus
1171 1974 1308 2034 quam
1327 1973 1522 2021 habebat
1540 1991 1551 2022 ε
1577 1976 1668 2034 jam
1683 1974 1911 2022 tenebitur

237 2037 289 2083 &
305 2035 365 2083 de
382 2034 553 2083 damno
569 2035 700 2098 culpa
717 2035 830 2081 dato
851 2073 860 2091 ,
879 2038 977 2081 imo
1006 2035 1057 2081 δε
1089 2051 1146 2082 ex
1159 2038 1348 2083 crimine
1369 2037 1429 2084 ad
1463 2053 1641 2101 poenam
1657 2037 1829 2084 crimini
1845 2053 1912 2084 re-

237 2099 557 2164 spondentem.
603 2098 675 2146 Ex
690 2099 842 2161 priore
851 2096 978 2146 causa
998 2096 1122 2146 bona
1139 2098 1415 2161 obligantur,
1433 2103 1483 2147 δε
1518 2099 1546 2147 fi
1565 2115 1619 2146 ea
1633 2098 1838 2146 deficiant
1854 2117 1909 2147 o-

236 2179 371 2227 perae,
388 2176 464 2209 aut
480 2160 664 2208 libertas
675 2164 886 2225 corporis
905 2177 916 2209 :
936 2177 993 2208 ex
1006 2161 1256 2223 posteriore
1305 2179 1457 2224 noque
1472 2162 1755 2227 persona,aut
1765 2162 1901 2219 bona,

237 2223 318 2272 aut
328 2240 570 2286 utrumque
589 2241 673 2287 pro
692 2224 845 2271 delicti
861 2226 1127 2288 quantitate.
1161 2227 1271 2289 Qo
1319 2242 1471 2275 autem
1488 2226 1546 2273 de
1577 2226 1690 2272 dolo
1707 2226 1906 2272 diximus

235 2288 459 2353 procedet
471 2291 607 2334 etiam
619 2288 648 2335 fi
667 2289 767 2351 quis
783 2288 1065 2335 testationem
1083 2290 1403 2350 interposuerit
1429 2287 1711 2351 semetipsum
1729 2289 1906 2351 obliga-

237 2354 275 2399 ri
291 2351 414 2399 nolle
429 2390 440 2408 ,
461 2352 564 2414 quia
581 2352 629 2397 &
646 2351 801 2397 damni
820 2352 917 2399 dati
930 2352 979 2397 &
994 2367 1137 2414 poenae
1147 2352 1269 2413 justae
1286 2352 1490 2400 debitum
1508 2367 1612 2399 curn
1629 2351 1795 2399 delicto
1814 2366 1903 2398 non

235 2415 502 2464 voluntario
520 2413 595 2461 sed
606 2414 796 2461 naturali
815 2431 931 2462 nexu
947 2415 1190 2464 cohaerent.

301 2477 363 2526 V.
399 2479 646 2541 Qavero
661 2477 836 2540 semper
861 2492 937 2525 aut
949 2477 1120 2524 summa
1135 2478 1333 2542 potestas
1359 2477 1586 2543 obligatur
1609 2488 1687 2522 aut
1703 2476 1902 2522 minister

235 2545 350 2602 ejus,
363 2540 473 2589 ideo
491 2542 541 2586 δε
556 2555 735 2588 certum
753 2541 813 2588 est
828 2556 1004 2604 partem
1021 2541 1210 2588 alteram
1224 2541 1430 2604 obligari,
1449 2556 1527 2587 nec
1543 2540 1630 2586 dici
1645 2538 1766 2600 posse
1782 2538 1903 2584 clau-

236 2605 391 2652 dicare
408 2604 710 2651 contractum.
731 2605 920 2669 Egimus
930 2605 990 2651 de
1010 2607 1355 2668 comparatione
1373 2620 1533 2652 eornm
1552 2604 1626 2666 qui
1644 2599 1785 2650 medii
1802 2600 1902 2648 sunt

234 2667 296 2716 ad
313 2666 582 2727 superiores.

301 2729 402 2779 VI.
435 2728 685 2777 Videamus
715 2730 763 2775 &
791 2729 897 2792 quid
920 2729 964 2775 in
995 2731 1236 2778 inferiores
1258 2729 1447 2792 possint:
1479 2727 1585 2776 Nec
1616 2740 1728 2791 puto
1763 2726 1898 2775 dubi-

233 2794 424 2842 tandum
444 2793 549 2856 quin
563 2792 658 2855 dux
674 2793 838 2840 milites
854 2831 866 2848 ,
885 2794 1163 2857 magistratus
1182 2792 1433 2855 oppidanos
1445 2790 1652 2856 obligent
1683 2790 1798 2838 intra
1816 2805 1897 2836 eos

235 2857 357 2903 adius
368 2857 445 2918 qui
462 2855 604 2902 solent
623 2854 678 2901 ab
696 2854 794 2918 ipsis
807 2858 1038 2919 imperari:
1061 2854 1449 2920 alioquiconlensu
1468 2870 1581 2917 opus
1611 2853 1727 2899 esset.
1761 2853 1893 2900 Con·
1912 2851 2126 2890 (Alexam.

234 2933 304 2966 tra
319 2918 447 2965 ducis
463 2924 540 2965 a'ut
554 2917 835 2981 magistratus
849 2918 1028 2980 padiurn
1048 2918 1333 2966 inferioribus
1349 2916 1555 2978 proderit
1567 2918 1613 2962 in
1629 2931 1754 2961 mere
1775 2915 1891 2962 utili·
1913 2897 1992 2942 ΜΓ·
2005 2910 2067 2946 40'

233 2982 318 3029 bus
334 2981 549 3027 omnino:
567 2979 613 3025 id
629 2982 750 3026 enim
767 2983 810 3027 in
828 2982 1050 3042 potestate
1065 2979 1437 3044 comprehensum
1453 2979 1551 3027 satis
1571 2971 1630 3025 est
1644 2995 1655 3027 :
1671 2980 1712 3024 in
1725 2979 1895 3040 hisquae

233 3060 348 3091 onus
363 3059 585 3089 annexum
604 3042 787 3099 habent,
805 3045 921 3092 intra
931 3062 981 3091 ea
995 3064 1086 3108 quae
1110 3045 1320 3107 imperari
1339 3042 1480 3090 solent
1499 3081 1508 3098 ,
1526 3043 1737 3099 omnin03
1766 3056 1898 3087 extra

233 3108 301 3155 ea.
320 3107 382 3151 ita
401 3104 430 3151 fi
442 3107 777 3167 acceptaverint
797 3123 807 3154 ε
824 3122 917 3166 quae
932 3122 1188 3174 congruunt
1219 3107 1286 3154 his
1301 3122 1398 3167 quae
1425 3105 1484 3153 dc
1500 3105 1777 3165 stipulatione
1810 3118 1897 3165 pro

232 3169 373 3215 tertio
390 3184 447 3213 ex
463 3168 653 3214 naturali
671 3169 769 3226 jure
786 3168 890 3216 alibi
910 3169 1199 3219 differuunus.
1216 3169 1454 3218 Generalia
1471 3169 1560 3215 haec
1574 3167 1808 3214 illustriora
1826 3164 1893 3212 fa·
1916 3163 1955 3196 L.
1976 3169 2104 3200 ¹¹⁸⁶&-

230 3231 356 3280 cient
373 3229 573 3291 subjeetae
592 3232 773 3294 specieS.
1917 3217 1952 3245 ς’
1968 3218 2029 3246 ¹¹·

296 3292 339 3344 V
363 3292 388 3342 I
404 3292 442 3341 1.
465 3292 501 3327 '²⁸²
537 3293 617 3343 De
628 3292 734 3342 belli
747 3293 885 3346 caufis
897 3295 946 3345 δε
958 3295 1331 3408 consequeiptibus
1346 3294 1588 3362 transigere
1608 3292 1666 3343 ad
1694 3291 1800 3341 belli
1817 3289 1899 3337 du-

1210 3374 1240 3424 Ρ
1277 3371 1303 3420 ς
1801 3368 1904 3401 cern
